1780 3120
626 124 1224 187 HOMERICAs
1558 146 1620 194 23

327 267 477 327 Ἀλλὰ,
496 265 685 322 ''Amo-2
713 269 817 321 ἵληθι
831 304 844 325 ,
877 265 1004 314 δίδωθι
1030 266 1070 312 δέ
1099 287 1160 328 μοι
1192 272 1292 324 κλέος
1323 274 1449 319 ἐσθλὸν

327 336 468 395 Αὐτῷ,
500 337 565 380 καὶ
596 335 787 390 παίδεσσι,
822 337 885 378 καὶ
914 335 1031 394 αἰδοίῃ
1062 341 1287 395 παρακοίτι·

325 401 390 445 Σ.>ἰ
415 396 453 448 δ’
471 396 519 445 αὖ
541 402 611 460 ἐγὼ
635 401 732 460 ῥέξω
757 400 844 454 βοῦν
871 396 975 452 ἦνιν,
1011 399 1263 460 εὐρομέτωπον
1294 419 1338 445 κ..
1354 404 1447 449 τ.-λ.
1473 414 1491 439 ⁸

190 471 244 511 et
285 458 456 512 bovem
496 464 723 527 egregiam
744 471 881 511 vovet
915 461 1192 520 Diomedes,
1236 463 1319 511 ubi
1355 481 1412 511 ex
1447 466 1608 533 Troja-

190 544 356 576 norum
401 528 711 592 exploratione
755 527 929 578 salvum
966 528 1116 593 ipsum
1152 529 1250 575 Dea
1292 530 1547 580 reduxisset
1568 546 1606 585 2.

186 593 316 642 Haec
355 595 576 641 nimirum
613 594 790 641 Latinis
818 595 1006 660 proprie
1046 593 1164 640 Vota
1192 594 1451 655 dicunturs
1492 614 1610 665 quae

184 677 298 708 cum
325 659 540 724 precibus
583 667 636 718 ut
663 659 915 724 plurimum
944 662 1198 725 conjuncta
1243 678 1267 708 a
1300 663 1486 711 Graecis
1512 683 1605 714 una

186 725 441 790 eademque
481 729 592 786 εὐχῆς
630 725 702 773 vel
732 729 897 786 εὐχωλῆς
945 740 1057 773 voce
1103 726 1419 787 significantur
1441 730 1479 778 5.
1545 731 1606 779 In

184 807 463 855 quacunque
486 791 582 836 fere
606 806 656 836 re
681 791 942 854 peragenda
962 791 1017 836 iis
1033 791 1158 853 apud
1182 792 1442 841 Homerum
1466 804 1605 843 utun-

185 862 264 902 tur
284 855 474 914 heroes,
510 864 563 901 ut
590 857 639 902 in
664 855 918 918 sagittando
940 856 989 913 4,
1020 859 1288 919 praesertim
1305 876 1435 918 ver0‚
1460 879 1605 926 quum

183 919 234 967 in
266 922 466 985 graviore
488 919 640 984 aliquo
662 920 930 968 discrimine
962 921 1266 970 versabantur
1286 961 1298 982 ‚
1337 933 1389 971 ut
1406 926 1574 974 Nestor
1588 964 1602 987 ,

182 994 232 1033 et
253 987 394 1034 ceteri
416 986 607 1047 Achivi,
641 1004 787 1050 quum
812 1003 870 1033 ne
898 1003 924 1032 a
951 986 1162 1050 Troianis
1177 990 1475 1038 vincerentur
1489 993 1610 1057 peri-

180 1051 343 1099 culum
384 1062 480 1099 erat
502 1052 541 1102 5.
617 1051 850 1116 Penelope
893 1068 947 1098 ex
981 1051 1250 1100 Telemachi
1283 1057 1464 1104 monitu
1507 1075 1605 1107 om-

180 1116 319 1165 nibus
353 1118 455 1165 Diis
488 1116 782 1164 hecatombas
813 1126 970 1176 vovet,

414 1217 426 1230 .
513 1219 524 1229 .
558 1189 640 1230 αἴκε
664 1188 746 1228 πόθι
785 1186 880 1236 Ζεὺς
903 1183 1036 1229 ἄντιτα
1060 1184 1153 1247 ἔργα
1178 1189 1332 1250 τελέσσῃ
1347 1187 1385 1236 6.

245 1246 286 1311 §.
321 1246 367 1308 4.
434 1248 492 1294 In
527 1246 652 1295 hisce
686 1247 800 1294 votis
838 1247 1154 1312 persolvendis
1185 1268 1366 1299 summa
1397 1252 1595 1302 uteban-

181 1317 260 1358 tur
295 1312 544 1375 religione,
582 1313 846 1374 gravissime
874 1314 1046 1376 qnippe
1075 1315 1197 1362 Deos
1230 1334 1500 1364 succensere
1526 1338 1596 1367 ra-

178 1376 243 1434 ti,
277 1375 316 1423 si
346 1376 584 1440 promissis
625 1375 853 1422 deessent.
918 1376 1062 1422 Unde
1091 1379 1297 1427 duriores
1326 1400 1454 1429 casus
1490 1402 1600 1448 pro-

176 1442 306 1488 tinus
345 1441 402 1487 ad
436 1441 558 1488 hanc
600 1440 788 1504 culpam
829 1440 1107 1488 referebant.
1190 1447 1393 1495 Achilles
1435 1452 1590 1514 utique

176 1504 291 1553 hinc
320 1505 497 1553 derivat
528 1514 705 1571 pestem
733 1504 790 1551 al)
810 1504 1028 1569 Apolline
1054 1508 1244 1556 Graccis
1273 1512 1554 1561 immissam:

305 1572 398 1619 Εἶτ’
421 1570 486 1635 ἄρ’
505 1575 523 1617 ὅ
546 1574 580 1633 y’
601 1575 766 1632 εὐχωλῆς
794 1576 1036 1634 ἐπιμέμφεται
1053 1608 1064 1628 ,
1097 1578 1161 1619 2739·
1187 1582 1398 1637 ἑκατέμ,ι3ης
1421 1590 1456 1626 7.

172 1635 350 1683 Aeneas
376 1637 514 1684 etiam
541 1652 602 1683 ne
621 1636 927 1700 Troianorum
951 1635 1103 1686 clades
1122 1656 1146 1686 a
1168 1643 1360 1690 numine
1385 1643 1588 1709 quodam

170 1700 290 1752 irato
314 1701 567 1767 repetenda
600 1701 661 1748 sit
693 1710 901 1748 veretur:

364 1773 416 1815 Εἰ
449 1777 503 1830 μή
536 1789 590 1822 τις
624 1771 699 1820 θεός
733 1773 838 1826 ἐστι,
871 1776 1132 1831 κοτεσσάμενος
1165 1777 1383 1836 Τρώεσσιν,

357 1835 462 1896 Ἱρῶν
494 1840 653 1893 μηνίσας
674 1832 712 1879 8-

234 1897 276 1960 ξ.
310 1896 356 1944 5.
423 1899 548 1957 Quin
583 1897 718 1942 etiam
756 1895 976 1942 sacrificia
1008 1907 1084 1944 aut
1126 1898 1249 1948 dona
1287 1902 1397 1950 alias
1431 1905 1586 1956 oblata

169 1961 272 2010 Diis
300 1962 613 2026 supplicantes
644 1960 1092 2023 commemorabant,
1124 1982 1216 2030 quo
1239 1970 1380 2029 magis
1399 1970 1455 2016 ad
1481 1989 1588 2037 pre.

169 2044 248 2075 ces
276 2026 586 2074 exaudiendas
612 2042 688 2071 eos
717 2025 846 2089 quasi
870 2037 1085 2088 cogerent
1169 2031 1238 2077 Ita
1267 2033 1464 2097 Chryses
1495 2056 1581 2102 pro

171 2094 341 2159 pietate
375 2092 581 2157 Apollini
613 2092 794 2154 saepius
828 2093 1043 2156 praestita
1066 2111 1147 2141 suo
1178 2097 1377 2159 quodam
1405 2103 1506 2165 jure
1531 2113 1582 2151 ut

168 2175 331 2225 preces
364 2168 488 2206 ratae
514 2158 607 2204 sint
631 2155 831 2223 postulat
850 2193 861 2215 ,
895 2155 958 2204 ita
991 2159 1143 2208 Deum
1169 2161 1423 2214 obtestatus
1447 2179 1490 2216 9:

1505 2269 1520 2284 .
1553 2241 1588 2282 εἴ

213 2366 252 2410 ι)
275 2366 340 2405 O'd.
363 2367 439 2413 ΙΙΙ,
463 2366 543 2404 582,
655 2365 694 2411 2)
720 2364 764 2402 Π.
788 2365 839 2410 X,
857 2377 923 2412 292
945 2377 1014 2413 seq.
1143 2370 1183 2416 5)
1207 2363 1249 2410 Π,
1275 2371 1312 2420 1,
1337 2376 1392 2413 55,
1440 2374 1492 2413 cs·
1520 2375 1580 2412 fn„

167 2429 298 2466 terppr.
321 2421 363 2456 ad
387 2421 423 2458 h.
446 2421 471 2459 l.
496 2430 532 2458 et
553 2421 665 2468 Apoll.
695 2420 777 2455 Lex·
802 2421 838 2454 in
859 2432 888 2457 v,
1023 2421 1063 2468 4)
1082 2423 1279 2472 Ἑκηβόλῳ
1306 2429 1511 2464 Ἀπόλλωνι
1533 2431 1578 2471 11.

165 2475 297 2521 XXIII,
321 2478 381 2523 871
404 2488 472 2522 seq.
565 2477 603 2520 5)
629 2477 671 2513 Il.
696 2475 768 2520 XV,
792 2477 858 2521 569
881 2481 916 2509 ct
932 2475 992 2525 371
1017 2491 1111 2525 seqq.
1157 2479 1211 2517 Cf.
1233 2481 1275 2517 Il.
1301 2483 1373 2528 VI,
1397 2486 1462 2530 273
1484 2497 1577 2533 seqq.

163 2531 226 2565 301
253 2542 346 2576 seqq·
438 2531 476 2575 6)
501 2530 564 2567 Od.
585 2530 680 2565 XVII
695 2559 704 2576 ,
728 2533 771 2566 60
790 2544 882 2579 seqq.
970 2536 1008 2585 7)
1030 2533 1075 2572 Il.
1099 2534 1140 2581 I,
1164 2538 1218 2574 65.
1299 2538 1337 2584 ὅ)
1360 2537 1402 2575 Il.
1424 2538 1474 2584 V,
1500 2552 1574 2587 177.

164 2583 206 2630 9)
230 2581 274 2622 n.
293 2583 334 2631 l,
347 2586 391 2632 39
410 2596 505 2632 seqq.
552 2585 608 2623 Cf.
631 2585 676 2623 Il.
694 2585 803 2633 VIII,
816 2591 896 2627 235.
