1780 3120
559 132 1134 212 HoM'ERICA2
1489 154 1556 214 32⁷

148 295 411 348 circumfusi
435 304 452 331 ²
466 331 479 354 ‚
512 309 677 342 manus
710 291 956 352 lavabant,
999 296 1221 355 χερνίψαντο
1240 303 1278 340 2.
1358 293 1419 340 In
1453 309 1562 343 eum

145 366 280 413 usum
305 378 470 427 aquam
500 359 738 408 habebant
764 358 920 405 lebete
950 366 1158 423 paratam
1181 374 1195 406 z

345 429 519 488 Χέρνιβα
550 430 590 474 δέ
624 427 684 489 σφ’
702 425 862 488 ’Ἄρητος
894 426 933 470 έν
966 429 1175 486 ἀνθεμόεντι
1206 425 1337 482 λέβητι

344 493 510 539 ’Ἠλυθεν
541 494 584 538 ἐκ
617 493 791 551 θαλάμοιο
823 499 939 552 φέρων
961 488 998 536 5.

212 560 255 624 ξ.
289 558 334 607 3.
401 556 584 604 Deinde
617 555 764 602 molas
799 554 963 613 salsas,
999 557 1197 616 οὐλοχύτας
1219 552 1268 611 4,
1307 553 1454 616 granis
1485 561 1563 600 tu-

142 624 205 671 sis
233 642 286 671 ac
325 624 477 670 fractis
512 622 603 668 sale
638 622 779 670 mixto
811 621 951 667 factas
971 658 982 677 ,
1026 620 1075 666 in
1115 620 1341 675 canistro,
1377 627 1492 681 κανέῳ
1512 620 1567 680 5,

144 689 300 737 allatas
316 726 326 746 ‚
357 705 499 735 mauu
522 705 662 752 supra
690 687 900 733 victimae
927 694 1066 748 caput
1090 683 1289 731 sublatas
1310 683 1564 745 tollebant,

144 761 308 803 ἀνέλοντο
332 754 368 799 6.
435 754 559 799 Tum
581 768 744 817 preces
771 752 910 797 fusae.
978 755 1047 798 lta
1079 750 1205 795 enim
1236 750 1496 799 Homerus:

339 822 572 882 Χερνίψα-ντο
596 821 633 866 δ’
650 819 804 874 ἔπειτα,
838 821 901 862 καὶ
930 820 1129 878 οὐλοχύτας
1157 820 1335 863 ἀνέλοντο.

339 887 465 931 Toto-w
497 885 536 930 δὲ
567 887 720 946 Χρύσης
753 883 886 946 μεγάλ’
915 882 1042 944 εὔχετο
1074 903 1110 928 κ.
1136 901 1172 928 τ.
1194 884 1230 927 λ.
1257 892 1279 926 7

143 950 324 1012 Quibus
354 950 443 996 rite
474 948 690 1013 perfectis
723 948 934 993 victimae
951 947 1092 1011 capiti
1111 946 1392 1010 inspergitur
1415 945 1564 1007 mola,

141 1020 394 1080 προβάλλεται
415 1015 437 1048 8
459 1050 474 1075 ‚
508 1022 559 1062 et
601 1014 719 1079 pilos
749 1012 806 1059 de
837 1013 1054 1059 victimae
1094 1013 1245 1058 fronte
1293 1010 1470 1058 evulsos
1508 1012 1560 1058 in

140 1082 298 1145 ignem
328 1080 582 1143 conjiciunt
596 1117 613 1144 ‚v
644 1077 772 1144 quod
801 1078 982 1124 solenni
1013 1077 1156 1125 verbo
1188 1075 1406 1124 dicebant
1435 1083 1565 1141 ἀπόερ-Υ

137 1153 277 1211 χεσθαι
299 1157 342 1194 9:
378 1155 430 1193 ut
459 1143 518 1191 de
542 1145 738 1192 Nestore
769 1144 942 1190 Poeta:

273 1243 885 1260 .............
912 1211 1029 1254 πολλὰ
1064 1208 1254 1271 cratem,

204 1280 348 1340 Εὔχετ’
367 1283 647 1339 ἀπαρχόμενος,
681 1278 843 1334 κεφαλῆς
875 1281 1011 1335 τρίχας
1042 1278 1079 1320 ἐν
1112 1281 1200 1337 πυρὶ
1231 1276 1384 1331 βάλλων
1406 1284 1464 1323 ²0.

141 1344 216 1400 Ex
246 1358 338 1408 quo
371 1341 473 1388 loco
502 1357 665 1404 preces
699 1337 944 1402 aliquando
974 1338 1026 1384 111
1059 1338 1159 1401 ipsa
1193 1338 1506 1392 immolatione
1532 1359 1559 1389 a

141 1404 509 1456 sacrificantibus
547 1404 688 1451 factas
729 1403 868 1450 fuisse
902 1410 1042 1465 patet.
1120 1402 1244 1450 Nam
1296 1413 1471 1453 certam
1503 1422 1557 1454 ac

140 1474 458 1540 praestitutam
492 1486 579 1516 nec
614 1469 691 1515 hic
726 1485 813 1513 nec
848 1466 945 1513 aliis
982 1467 1031 1512 in
1069 1466 1207 1514 rebus
1244 1486 1456 1516 normam
1484 1487 1559 1517 se-

138 1541 259 1597 cuti,
287 1553 377 1602 quo
406 1534 625 1599 temporis
653 1541 828 1598 puncto
861 1533 910 1578 in
935 1532 1170 1580 sacrificiis
1194 1534 1316 1581 Deos
1344 1535 1562 1601 precibus

140 1605 314 1651 adorati
372 1602 464 1649 sint
514 1607 724 1646 accurate
789 1597 975 1643 definiri
1022 1600 1186 1662 nequit
1237 1617 1324 1647 nec
1374 1602 1557 1652 attinet.

138 1670 374 1719 Eumaeus
405 1673 513 1732 post
542 1665 783 1714 victimam
811 1662 1097 1711 immolatam
1123 1673 1338 1730 precatur
1356 1678 1424 1715 ²¹:

1435 1739 1563 1800 chrotp-

179 1863 217 1908 1)
239 1862 286 1899 11.
308 1859 369 1907 11,
390 1862 470 1898 410.
494 1860 550 1897 cf.
573 1858 640 1896 011.
662 1857 747 1904 XII,
768 1861 848 1896 356.
868 1858 1086 1905 Ἀρχεσθαι
1104 1869 1221 1896 autem
1238 1868 1273 1896 et
1295 1862 1554 1909 κατάρχεσθαι

135 1917 173 1952 in
193 1916 300 1952 sacris
326 1915 428 1950 rebus
447 1913 549 1948 verba
570 1913 724 1948 solennia
746 1920 866 1953 erant,
890 1925 976 1958 quae
1001 1917 1176 1951 communi
1199 1927 1238 1950 ex
1259 1915 1440 1952 verborum
1465 1930 1551 1955 nexu

134 1971 300 2021 petendae
321 1968 562 2015 significationi
587 1967 802 2011 conjunctam
826 1967 953 2003 habent
977 1969 1065 2003 sacri
1087 1969 1184 2005 initii
1204 1977 1305 2016 atque
1329 1970 1468 2007 dicandi
1483 1984 1550 2011 no..

133 2026 277 2062 tionem.
309 2024 390 2060 Vid.
415 2023 618 2058 Buttmanni
634 2020 741 2057 Lexil.
766 2021 802 2055 in
820 2034 850 2058 v.
877 2029 959 2058 tom.
979 2022 1008 2059 Ι.
1034 2036 1069 2068 p·
1089 2036 1138 2060 m.
1164 2037 1223 2060 101
1239 2037 1335 2071 seqq.
1381 2025 1553 2064 Dicuntur

131 2079 270 2126 itaque,
294 2087 334 2114 ut
360 2077 514 2113 Ernestii
534 2076 577 2110 ad
601 2076 666 2112 Od.
688 2075 764 2120 111,
780 2078 847 2111 445
871 2076 984 2111 verbis
1003 2085 1106 2122 utar,
1133 2077 1175 2113 de
1197 2079 1378 2120 omnibus,
1402 2094 1489 2127 quae
1513 2082 1551 2117 in

133 2134 312 2170 sacrificiis
337 2133 444 2177 fiunt,
477 2139 661 2176 antequam
695 2131 835 2165 victima
861 2131 1037 2166 caedatur.
1086 2131 1138 2169 Cf.
1163 2133 1317 2180 Interpp.
1343 2134 1385 2169 ad
1409 2136 1474 2173 Od.
1494 2136 1552 2174 111

137 2196 173 2222 et
190 2188 231 2224 11.
255 2187 286 2224 I.
311 2199 360 2225 vs.
385 2185 477 2222 laud.
496 2185 576 2220 and.
652 2184 690 2228 ο.)
715 2184 759 2220 Il.
783 2184 820 2229 I,
844 2188 923 2231 449.
971 2185 1024 2222 Cf.
1049 2198 1151 2232 supra
1174 2199 1207 2224 c.
1226 2190 1260 2223 5.
1330 2189 1369 2233 5)
1392 2190 1553 2240 Od,111¹,

131 2242 200 2277 440
222 2254 293 2287 seq,
409 2241 448 2284 4)
472 2239 553 2274 Vid.
578 2247 715 2284 praeter
735 2239 883 2285 interpp.
908 2240 951 2275 ad
970 2240 1013 2277 Il.
1033 2240 1074 2286 I,
1097 2243 1177 2286 449.
1225 2241 1427 2278 Buttmann.
1448 2245 1555 2281 Lexi-

130 2295 227 2340 lngus
247 2295 283 2330 in
302 2307 336 2333 r.
358 2303 442 2332 tom.
456 2294 485 2331 Ι.
510 2307 542 2340 p.
560 2307 607 2328 m·
629 2306 688 2338 191
716 2306 808 2339 seqq.
854 2295 968 2340 Heyn·
992 2295 1116 2341 Opusc.
1137 2295 1244 2330 Acad.
1269 2304 1356 2335 tom.
1377 2298 1408 2335 I.
1432 2312 1466 2345 p,
1484 2302 1555 2336 568

130 2361 226 2395 seqq.
313 2349 353 2395 5)
380 2349 457 2392 Quo
478 2349 584 2384 etiam
608 2356 744 2393 cetera,
768 2348 890 2394 quibus
919 2349 956 2384 in
981 2350 1160 2385 sacrificiis
1180 2362 1264 2396 opus
1277 2359 1388 2398 esset,
1411 2353 1554 2389 adsere-

129 2403 270 2441 bantur.
369 2403 409 2450 6)
433 2403 478 2438 11.
499 2403 540 2449 I,
563 2404 642 2448 449.
668 2402 726 2448 II,
750 2404 830 2442 410.
875 2404 988 2451 Heyn.
1018 2405 1102 2442 Var.
1129 2405 1240 2442 Lectt.
1264 2413 1299 2441 et
1320 2406 1402 2443 Obs.
1437 2408 1482 2443 ad
1503 2408 1550 2446 Il.

128 2458 161 2496 I.
183 2470 231 2494 vs.
256 2458 281 2495 l.
425 2458 462 2506 7)
485 2458 528 2494 ΙΙ.
552 2457 592 2502 I,
613 2459 682 2502 449
705 2469 775 2502 seq.
822 2457 876 2493 Cf.
901 2459 960 2504 11,
983 2461 1051 2494 410
1072 2472 1144 2506 seq.
1258 2460 1296 2504 8)
1321 2460 1401 2498 vid.
1427 2462 1491 2499 1.1.
1517 2472 1554 2499 et

130 2512 195 2548 Od.
217 2512 272 2547 III
287 2541 298 2557 ‚
320 2514 398 2559 447.
548 2511 585 2557 9)
610 2511 692 2546 Yid.
716 2511 917 2547 Buttmann.
940 2514 1049 2550 Lexil.
1075 2515 1111 2548 in
1134 2526 1163 2551 v,
1196 2522 1281 2551 tom.
1301 2515 1331 2552 Ι.
1355 2528 1389 2560 p.
1411 2528 1461 2550 m.
1487 2530 1549 2556 101

130 2578 225 2612 seqq.
248 2566 292 2603 11.
303 2566 350 2601 IX
363 2579 447 2612 ,219
458 2578 552 2611 seqq.
578 2565 647 2600 cibi
669 2566 868 2602 comedendi
888 2581 965 2614 pars
991 2569 1026 2603 in
1044 2569 1157 2604 focum
1180 2581 1200 2604 a
1215 2569 1373 2604 Patroclo
1393 2570 1549 2616 conjecta

128 2619 209 2655 ntis
229 2628 269 2655 ut
289 2621 467 2667 primitiae
490 2628 684 2655 crematur:
710 2620 728 2652 ὁ
755 2621 792 2653 δ’
806 2622 843 2654 ἐν
864 2624 955 2667 πυρὶ
978 2623 1096 2663 βάλλε
1119 2623 1275 2666 θυηλάς,
1323 2623 1377 2661 Cf.
1401 2624 1550 2671 interpr.

130 2673 174 2708 ad
197 2673 223 2708 1.
243 2673 267 2711 1.
400 2675 462 2717 10)
484 2674 551 2713 Od.
571 2673 646 2720 111,
670 2675 738 2711 445
760 2686 830 2722 seq.
877 2675 930 2713 Cf.
955 2675 1048 2723 XIV,
1071 2679 1139 2714 422
1161 2688 1232 2721 seq.
1395 2678 1457 2724 11)
1482 2679 1551 2719 011.

132 2728 170 2764 L.
193 2728 216 2764 1.
241 2740 290 2766 vs.
309 2732 375 2765 422
396 2739 466 2775 seq.
