1780 3120
530 157 1119 209 nomsssslcssx
1418 157 1512 220 ως

113 296 287 346 tebant‘.
331 291 430 340 Ubi
455 308 557 339 vero
577 292 686 350 soli,
711 288 835 355 quod
862 287 1151 349 incolebant,
1170 290 1330 339 caritas
1346 326 1356 345 ‚
1376 305 1514 353 quae·

117 367 292 427 sitaque
343 359 464 405 bona
518 356 747 404 retinendi
791 354 997 403 studium
1053 357 1231 403 animos
1275 356 1519 402 hominum

116 432 370 478 invaserat,
406 442 430 469 a
456 424 497 468 vi
526 422 671 469 aliena
702 439 748 468 se
787 437 958 484 suaque
988 421 1265 468 defendendi
1290 423 1517 485 praesidia

117 497 359 559 pararunt,
395 487 638 535 moenibus
659 485 952 549 turribusque
981 488 1220 534 exstructis
1248 487 1384 533 urbes
1414 503 1520 532 suas

116 557 397 605 munierunt.
465 555 618 613 Quam
647 562 791 599 artem
820 550 1035 598 Thebani
1071 552 1324 619 Amphioni
1361 561 1407 599 et
1438 555 1526 599 Ze·

121 624 205 670 tho
227 620 398 667 debere
427 618 671 676 dicuntur,

251 687 308 732 Οἱ
332 699 467 749 πρῶτοι
500 689 638 743 Θήβης
659 684 737 738 ἕδος
756 681 911 730 ’ἔκτισαν
939 690 1154 731 ‘infantilem
1169 720 1181 741 ‚

248 754 462 814 prymeoiv
493 748 525 795 τ’
541 765 551 776 ·
592 755 667 795 ἐπεὶ
693 753 734 794 οὐ
763 752 832 808 μὲν
856 754 1068 811 ἀπύργωτόν
1094 749 1129 812 y'
1154 751 1321 798 &huam-0

251 820 420 876 Ναὶεμεν
445 819 638 876 εύιεὺχορεν
668 816 807 871 Θήβην
826 849 836 867 ,
875 822 1045 876 κρατερώ
1072 835 1142 878 περ
1175 822 1271 862 ἐόντε
1294 828 1332 864 ¹.

120 882 159 929 A
189 881 404 945 Phlegyis
438 880 593 934 enim,
629 887 680 924 ut
708 887 865 924 narrat
903 879 1205 937 Sclioliaste8‚
1243 881 1424 928 assiduo
1463 881 1537 928 in-

121 946 402 994 festabantur
425 956 462 990 2.
530 943 675 989 Simili
706 943 763 989 de
802 960 934 990 causa
975 945 1233 1010 complures
1267 946 1405 993 urbes
1438 965 1540 993 mu.

123 1013 187 1059 ris
215 1029 324 1059 aevo
352 1009 541 1057 heroico
564 1009 744 1055 cinctae
774 1008 962 1056 snei-unt
979 1048 990 1068 ‚
1028 1027 1142 1076 quae
1175 1020 1327 1058 tamen
1351 1013 1535 1060 moenia

122 1094 183 1123 ne
223 1094 279 1123 ex
317 1076 484 1122 nostris
531 1073 865 1139 dijudicemus:
920 1093 1028 1121 nam
1077 1093 1132 1122 ex
1188 1085 1308 1124 terra
1355 1087 1535 1141 aggesta

123 1141 420 1197 constabant,
456 1139 536 1186 cui>
560 1156 613 1185 ex
646 1156 777 1186 more
819 1140 1080 1187 firmitatem
1124 1141 1431 1190 conciliabant
1464 1159 1538 1190 ea·
1595 1152 1607 1157 “

125 1226 216 1274 que
244 1204 469 1272 praesidia
490 1203 755 1261 addebant,
790 1205 957 1269 quibus
987 1205 1188 1252 bostium
1212 1207 1439 1272 impetum
1468 1225 1539 1255 ar-

125 1281 298 1331 cerent.
365 1272 424 1318 In
454 1270 525 1317 his
567 1268 751 1335 oppidis
795 1271 985 1334 insignis
1021 1271 1106 1317 fuit
1141 1272 1281 1335 Troja
1307 1274 1328 1307 3
1374 1278 1539 1334 εὐτειχής

127 1347 174 1384 et
200 1335 372 1400 εὔπυργος
396 1338 443 1395 4,
481 1352 597 1400 quae
633 1334 792 1382 validis
830 1354 916 1401 pro
950 1354 1001 1382 ea
1033 1346 1179 1384 aetate
1215 1338 1458 1386 moenibus
1492 1347 1540 1386 et

126 1404 392 1467 ingentibus
445 1400 805 1466 propugnaculis
847 1411 1068 1466 regnante
1122 1404 1436 1451 Laomedonte
1481 1403 1539 1450 ab

128 1468 340 1534 Apolline
356 1502 372 1527 ,
406 1464 602 1514 ut‘fama
627 1465 830 1525 serebat,
866 1477 914 1514 et
936 1467 1197 1515 Poseidone
1216 1471 1395 1517 munita
1422 1479 1539 1518 erat.

128 1536 230 1597 Ἐγὼ
247 1571 259 1592 ,
294 1534 446 1599 inquit
474 1531 721 1593 Ἐνοσίχθων,

262 1631 520 1646 ......
559 1601 630 1658 ἐγὼ
659 1602 831 1660 Τρώεσσι
852 1603 953 1646 πόλιν
975 1608 1058 1664 πέρι
1079 1612 1194 1662 τεῖχος
1220 1599 1354 1662 ’ἔδειμα

261 1668 366 1728 Εὐρύ
393 1684 434 1711 τε
462 1668 525 1709 καί
554 1666 661 1723 μάλα
694 1667 831 1722 καλὸν,
861 1662 908 1709 ἵν’
936 1665 1117 1729 ἇρῥηκτες
1149 1670 1246 1720 πόλις
1274 1674 1351 1721 εἴη·
1377 1667 1416 1718 5,

129 1728 316 1776 Vallum
356 1730 520 1793 igitur,
567 1728 616 1774 id
652 1728 778 1773 enim
807 1738 875 1774 cst
913 1731 1214 1778 Homericum
1244 1746 1388 1793 τεῖχος,
1424 1742 1546 1781 terra

134 1804 342 1858 aggesta,
376 1791 611 1858 stipitibus
661 1795 868 1858 saxisque
922 1797 1143 1842 eductum
1177 1797 1264 1843 fuit
1306 1807 1353 1843 et
1382 1798 1546 1846 distin-

133 1869 262 1906 ctum
291 1866 462 1922 ἀγκῶσι,
513 1875 605 1919 quo
634 1859 824 1906 nomine
867 1862 1182 1924 significantur
1217 1863 1336 1908 muri
1372 1863 1545 1923 fulcra,

134 1941 252 1991 quae
300 1926 347 1970 in
400 1923 556 1987 anguli
604 1924 984 1987 prominentioris
1041 1928 1234 1973 formam
1285 1929 1398 1975 facta
1449 1931 1550 1995 ipsa

136 1991 319 2037 moenia
359 1989 646 2054 prostabant.
716 1991 805 2035 Per
838 2007 888 2037 ea
923 1995 1063 2054 igitur
1101 2010 1263 2040 murus
1299 1992 1580 2042 conscendi'

134 2065 341 2120 poterat:
378 2053 505 2120 quod
534 2053 798 2102 Patroclum
825 2068 1038 2104 conatum
1074 2075 1173 2104 esse
1207 2060 1453 2109 novimus:

268 2125 362 2183 Τρίς
395 2125 463 2181 μὲν
487 2118 546 2166 ἐπ’
573 2128 732 2182 ἀγκῶνος
771 2125 825 2179 βῆ
857 2132 992 2184 τείχεος
1026 2127 1174 2183 ὑψηλοῖο

269 2190 484 2250 Πάτροκλος
500 2223 512 2244 ,
549 2192 626 2249 τρῖς
653 2186 690 2234 δ’
717 2192 824 2234 αὐτὸν
849 2192 1137 2255 ἀπεστυφέλιξεν
1163 2191 1352 2239 Ἀπόλλων
1373 2190 1410 2238 6.

1482 2243 1558 2305 Μ

189 2381 228 2428 1)
252 2382 314 2418 Od.
337 2384 406 2431 XI,
429 2385 495 2420 262
519 2392 610 2427 seqq.
717 2383 755 2426 a)
783 2382 832 2416 Ad
853 2383 915 2420 Od.
939 2384 962 2420 l.
988 2385 1014 2422 l.
1137 2387 1175 2430 3)
1201 2387 1400 2425 ‘H’IJ-boc.
1424 2387 1554 2422 Unicus

144 2446 197 2472 est
217 2438 260 2474 11.
282 2439 365 2484 XV,
391 2453 428 2486 7¹
455 2440 549 2473 locus
568 2465 575 2480 ,
601 2448 666 2481 quo
688 2441 730 2468 τὸ
747 2438 862 2469 Ἴλιον
883 2447 1041 2475 vocatur:
1066 2440 1147 2475 urbs
1166 2441 1363 2476 nominatur
1382 2442 1466 2476 item
1490 2448 1556 2475 ua:—

145 2493 283 2525 κοϊλιον
303 2501 337 2527 et
358 2496 481 2539 Τροίη.
506 2494 558 2526 De
581 2492 634 2526 his
654 2491 723 2524 vid.
750 2492 844 2527 Frid.
866 2493 950 2537 Aug.
977 2494 1022 2527 G.
1047 2494 1184 2540 Spohn,
1210 2497 1246 2530 in
1267 2497 1558 2532 commentatione

142 2547 534 2592 geographico-critica,
559 2547 599 2580 de
617 2558 696 2590 agro
717 2546 865 2590 Trojano
883 2547 918 2580 in
939 2559 1046 2582 carm.
1065 2550 1170 2584 Hom.
1195 2551 1377 2595 descripto.
1402 2552 1539 2596 Lipsiae
1554 2581 1565 2600 ,

146 2603 247 2638 2814.
270 2613 344 2646 pag.
366 2614 406 2637 10
425 2614 496 2647 seq.
629 2602 667 2643 4)
693 2600 774 2636 Vid.
806 2601 850 2636 ΙΙ.
880 2601 897 2635 Ι
914 2630 923 2646 ,
949 2615 1024 2649 129.
1061 2604 1128 2638 VII
1144 2633 1154 2648 ‚
1180 2617 1219 2649 71
1235 2632 1246 2649 ,
1271 2607 1355 2649 155,
1382 2607 1445 2641 461
1465 2619 1560 2653 seqq.

147 2655 212 2689 ΧΠ
227 2683 237 2700 ,
261 2657 325 2700 55,
349 2668 402 2701 90.
426 2656 471 2692 al.
586 2655 625 2698 5)
652 2655 694 2690 υ.
717 2655 812 2700 xxl,
837 2658 903 2691 446
925 2669 996 2703 seq.
1044 2658 1100 2696 cf.
1122 2658 1211 2704 vll,
1232 2660 1314 2697 452.
1345 2658 1457 2705 vul,
1479 2662 1559 2707 519.

147 2709 188 2755 6)
213 2709 255 2747 11.
273 2709 370 2755 XVI,
397 2718 460 2755 7‘02
481 2722 551 2757 seq.
573 2710 615 2743 ad
635 2724 667 2756 q.
692 2713 716 2746 Ι.
737 2722 830 2748 cons.
852 2710 1073 2758 Interpretes.
