1780 3120
177 143 240 190 φ
549 121 1223 185 ANTIQUITAS

315 258 432 304 Φῶτα
455 259 697 310 κατακτείνας
715 292 727 311 ,
758 257 885 302 ἄλλων
906 256 1044 312 ἐξίκετο
1066 259 1206 320 δῆμον,

307 320 454 385 Ἀνδρὸς
478 327 515 375 ἐς
546 327 686 385 ἀφνειοῦ
709 331 726 354 ²
745 336 759 350 ·

176 384 386 450 Benigne
433 395 586 432 autem
634 394 680 431 et
723 385 869 432 amice
908 386 1002 433 fere
1050 384 1420 449 excipiebantur:
1470 393 1588 437 ἵκει-αι’

178 454 307 500 enim
330 451 416 499 sub
459 453 664 498 Deorum
716 451 861 498 tutela
904 459 1068 509 erant,
1103 468 1216 515 quos
1259 452 1412 516 itaque
1440 454 1586 519 negli-

175 534 281 585 gere
314 517 604 564 verebantur.
671 515 742 563 Ita
769 516 1044 564 consobrino
1076 518 1230 564 occiso
1254 516 1462 581 Epigeus

302 583 368 637 Ἐς
396 584 518 636 Πηλῆ’
548 589 709 630 ἱκέτευσε
737 595 799 629 καὶ
827 589 862 637 ές
892 587 1005 630 Θέτιν
1034 589 1289 645 ἀργυρόπεζαν
1310 593 1358 616 2·

171 656 220 696 et
254 646 615 696 Theoclimenus
642 684 656 709 ,
700 646 760 696 de
795 664 889 716 quo
926 649 1289 697 commemoravi
1322 665 1485 714 supra,
1529 647 1589 697 ad

175 713 512 762 Telemachum

303 781 424 827 Ἀλλά
448 800 498 842 με
516 784 617 839 νηὸς,
658 776 838 845 inquit,
873 783 1062 845 ἔφεσσαι,
1100 783 1181 825 ἐπεί
1202 799 1244 827 σε
1269 784 1389 845 φυγὼν
1418 784 1588 827 ἱκέτευσα

259 852 262 855 ’
315 848 386 899 Μή
412 866 460 907 με
488 853 784 894 κατακτείνωσι·
820 848 1035 907 διωκέμεναι
1061 849 1136 909 γὰρ
1163 848 1225 891 ὀΐω
1248 844 1285 891 5.

169 909 243 958 De
269 927 539 974 procorum,
581 909 640 958 ab
679 911 849 974 Ulysse
886 911 1037 969 edita,
1076 908 1215 957 caede
1256 908 1529 955 concionem
1557 926 1584 956 a

174 976 378 1039 cognatis
409 975 622 1023 habitam
653 975 793 1022 fuisse
831 993 1000 1040 eosque
1034 977 1173 1021 armis
1203 976 1480 1031 Laertiaden
1520 974 1592 1020 in-

174 1041 403 1106 sequendi
435 1059 532 1088 non
562 1050 742 1088 tantum
767 1040 1014 1088 consilium
1044 1041 1224 1104 cepisse
1253 1039 1338 1086 sed
1368 1049 1415 1085 et
1443 1055 1492 1084 re
1517 1039 1592 1103 ip-

172 1123 220 1152 sa
256 1107 307 1152 in
336 1123 445 1153 eum
476 1125 604 1154 arma
641 1107 856 1154 sumsisse
887 1106 1094 1153 tradunt.
1161 1106 1306 1151 Iratos
1329 1113 1485 1151 tamen
1516 1120 1590 1149 co-

170 1170 329 1220 hibuit
377 1181 423 1218 et
467 1191 492 1220 a
525 1171 790 1220 crudelibus
832 1172 950 1218 ausis
997 1170 1224 1217 deterruit
1267 1170 1476 1230 Athene,
1527 1169 1589 1214 ita

170 1245 246 1304 ut,
297 1238 436 1285 armis
474 1239 666 1302 positis,
708 1238 890 1302 Ulyssis
939 1237 1136 1302 imperio
1180 1236 1331 1303 pacati
1367 1233 1593 1300 deinceps

168 1316 267 1350 sese
293 1302 593 1350 submiserint
623 1303 892 1350 Ithacenses
914 1301 954 1348 4.

236 1367 277 1431 ξ.
327 1387 374 1416 2.
440 1369 541 1416 Nec
580 1377 738 1414 tamen
772 1383 957 1432 semper
1000 1367 1051 1415 in
1097 1365 1307 1412 exsilium
1354 1365 1590 1430 proficisci

170 1449 356 1480 necesse
381 1434 490 1493 fuit,
524 1436 562 1482 si
599 1432 778 1480 scilicet
805 1431 959 1480 caedis
1004 1432 1180 1478 auctori
1208 1430 1406 1477 fautores
1433 1439 1588 1478 essent

166 1507 214 1545 et
238 1509 603 1565 propugnatores
626 1535 638 1557 ,
674 1498 753 1564 qui
779 1497 855 1547 vel
883 1496 1050 1563 opibus
1082 1497 1178 1543 suis
1216 1495 1287 1544 vel
1320 1497 1589 1543 auctoritate

167 1563 228 1610 ab
271 1565 399 1612 omni
442 1565 650 1631 periculo
683 1573 732 1610 et
777 1562 986 1611 vindicta
1025 1571 1174 1608 tutum
1207 1577 1312 1606 eum
1358 1570 1591 1624 praestare-

169 1638 376 1696 possent.
460 1628 752 1678 Testimonio
789 1629 883 1675 sint
927 1627 1110 1693 Ulyssis
1156 1624 1218 1672 acl
1255 1625 1591 1674 Telemachum

167 1695 340 1746 verba:

301 1766 386 1809 Καὶ
405 1768 481 1825 γάρ
515 1769 569 1814 τίς
603 1763 635 1808 θ’
664 1763 732 1808 ἐ’να
757 1770 863 1823 φῶτα
895 1763 1143 1809 κατακτείνας
1172 1759 1222 1803 ἐνὶ
1256 1755 1393 1818 δήμῳ,

301 1828 354 1876 Ωἷ
385 1848 438 1889 μη
469 1830 591 1874 πολλοὶ
616 1826 705 1874 ἔωσι
737 1831 970 1888 ἀοσσητῆρες
994 1828 1162 1880 ὀπίσσω,

298 1897 429 1956 Φεὺγει
451 1893 496 1928 5·

233 1960 272 2024 ξ.
307 1959 350 2005 3.
420 1957 583 2004 Caedis
606 1957 756 2004 factae
784 1973 935 2022 poena
965 1953 1118 2019 pretio
1147 1967 1331 2017 quoque
1363 1950 1472 1999 satis
1493 1970 1589 2000 am-

167 2025 277 2093 plo,
311 2020 438 2088 quod
474 2031 595 2077 ποινὴν
628 2022 844 2072 dicebant
864 2058 875 2079 ‚
911 2019 968 2066 ab
996 2017 1136 2064 occisi
1163 2014 1367 2079 cognatis
1407 2026 1589 2081 poterat

168 2091 367 2146 redimi,
432 2107 488 2134 uo
531 2088 678 2135 soluto
717 2087 826 2134 laesi
868 2084 1122 2134 vindictam
1161 2080 1489 2141 remittebant,
1534 2092 1587 2130 ut

165 2174 271 2207 reus
298 2154 372 2204 vel
437 2154 528 2201 omi
554 2170 742 2202 manere
774 2151 848 2202 vel
875 2150 932 2199 ab
956 2150 1092 2197 exilio
1129 2148 1322 2213 impune
1351 2146 1523 2193 rediret
1547 2149 1586 2196 6.

1459 2213 1586 2261 Hinc

213 2341 250 2386 ι)
275 2342 317 2378 Ῑ].
344 2342 474 2387 XXIV,
499 2344 566 2378 480
583 2356 677 2388 seqq.
702 2343 787 2389 ibiq.
807 2341 923 2378 Schol.
948 2350 982 2376 et
994 2341 1106 2386 Heyn.
1129 2337 1215 2373 Var·
1230 2336 1340 2371 Lectt·
1358 2342 1392 2370 et
1416 2335 1555 2374 Observ.
1571 2365 1584 2385 ,

165 2398 224 2443 qni
251 2412 265 2432 n
287 2396 395 2431 videri
419 2404 552 2442 potest,
579 2398 692 2442 inquit
709 2426 718 2442 ‚
743 2397 826 2432 satis
849 2410 943 2442 esse,
968 2396 997 2430 si
1025 2407 1125 2441 quem
1146 2394 1333 2438 cogitemus
1366 2392 1586 2425 ἱκετεύοντα

166 2454 317 2497 ἐλθεῖν,
341 2463 458 2487 verum
494 2452 529 2486 in
563 2451 702 2485 heroica
726 2453 797 2486 vita
830 2452 894 2486 hoc
925 2450 1061 2485 solenne
1097 2455 1194 2491 erat,
1220 2453 1258 2480 ut
1285 2445 1514 2490 expiationem
1539 2447 1581 2481 ab

166 2506 280 2551 aliquo
315 2509 520 2552 peterent.''
570 2506 697 2540 Verum
733 2507 781 2540 sit
810 2519 870 2551 per
898 2518 952 2540 me
980 2505 1081 2541 lieet:
1117 2500 1176 2536 sed
1214 2499 1254 2533 de
1288 2500 1480 2544 expiatione
1512 2502 1582 2536 ista

164 2561 290 2595 nullibi
312 2573 331 2595 a
346 2561 453 2596 Poeta
467 2561 679 2596 mentionem
696 2561 770 2594 fieri
786 2561 942 2594 memini.
1033 2556 1071 2601 2)
1097 2555 1140 2592 Il.
1161 2553 1261 2597 XVI,
1287 2556 1365 2595 573.
1460 2556 1498 2600 5)
1514 2555 1583 2589 Od-

167 2616 226 2650 XV
243 2644 252 2660 ,
276 2629 341 2662 277
369 2628 441 2661 seq.
594 2614 633 2659 4)
659 2615 740 2651 Vid.
764 2615 830 2652 Od.
854 2613 984 2653 XXIV,
1010 2615 1075 2648 420
1106 2622 1198 2655 seqq.
1235 2610 1303 2654 495
1321 2622 1414 2655 seqq.
1448 2617 1483 2645 et
1513 2609 1581 2646 515

163 2683 255 2715 seqq.
325 2672 363 2714 5)
389 2671 454 2710 Od.
476 2669 612 2716 XXIII,
640 2671 701 2705 128
722 2681 815 2715 seqq.
888 2669 925 2713 6)
952 2668 1005 2706 Cs.
1022 2664 1184 2703 Eustath-
1206 2662 1247 2697 ad
1271 2662 1313 2700 ll.
1336 2662 1473 2710 xvm,
1498 2665 1579 2711 493.
