1780 3120
577 134 1144 202 noMER1cA.
1478 164 1573 207 ιω·

277 290 353 345 Ἐξ
380 288 508 348 ἐμέθεν
534 295 723 348 γεγαῶτα.
757 288 828 330 θεοὶ
843 282 883 330 δ’
905 286 1041 330 ἐτέλεον
1062 285 1206 346 ἐπαράς
1228 295 1266 332 ¹.

149 352 337 420 Ulysses
365 360 411 398 et
439 351 526 397 alia
551 349 815 398 Phaeacum
850 347 1121 414 proceribus
1153 347 1277 398 bona
1309 351 1462 401 omnia
1484 368 1567 420 ap-

146 428 396 486 precatur,
428 425 478 463 et
505 415 649 463 haec:

281 514 640 533 ........
676 484 805 528 παισὶν
835 484 1060 545 ἐπιτρέψειεν
1087 482 1243 536 ἕκαστος

275 548 458 610 Κτήματ’
473 551 524 593 ε’νί
552 555 745 610 μεγάροισι
767 558 806 593 ².
1232 604 1234 607 Ι

209 611 250 678 ξ.
287 631 333 663 2.
404 614 640 660 Bonorum
668 621 822 658 autem
851 630 877 658 a
902 610 1156 678 majoribus
1174 611 1447 660 relictorum
1477 607 1569 660 dis-

144 680 337 727 tributio
385 695 442 725 ex
483 679 619 725 sortis
662 676 854 724 arbitrio
889 676 1032 725 fiebat
1070 677 1189 724 inter
1223 677 1393 726 liberos
1426 679 1573 741 legitia·

147 762 275 801 mOS‚
309 746 372 792 ita
400 752 453 789 ut
476 759 533 789 ex
559 760 721 789 eorum
750 759 948 790 numero
980 742 1030 790 in
1057 752 1217 806 partes
1249 742 1465 810 aequales
1496 744 1569 791 di-

146 809 418 857 viderentur
460 825 580 873 quae
621 826 647 855 a
691 807 964 872 parentibus
1014 817 1170 855 essent
1213 809 1369 857 relicta
1396 846 1408 868 ‚
1455 827 1571 874 quo-

147 892 253 922 rum
301 891 434 921 suam
475 874 640 940 cuique
681 881 861 937 partem
901 882 1049 920 sortes
1083 873 1134 920 in
1177 874 1304 938 galea
1341 893 1424 923 seu
1453 893 1569 923 urna

146 939 320 1005 positae
369 948 417 986 et
469 955 720 987 concussae
769 937 1071 1003 objiciebant.
1140 940 1214 988 Ita
1264 940 1324 987 de
1373 941 1573 988 Castoris

149 1005 402 1072 Hylacidae
431 1004 537 1052 filiis
563 1005 822 1051 Homerus:

284 1104 745 1121 ..........
782 1075 834 1117 ‘rol
859 1071 898 1117 δὲ
927 1076 1025 1126 Coi-*qv
1054 1075 1233 1120 ἐδαίσαντο

281 1137 422 1189 Παῖδες
445 1140 667 1199 ὑπέρθυμει,
703 1147 764 1181 καὶ
782 1140 841 1181 ε’πί
863 1140 1018 1198 κλήρευς
1047 1141 1221 1194 ε’βάὶωτε
1245 1137 1281 1184 3.

150 1199 246 1248 Sed
264 1201 458 1266 Ulysses
476 1238 489 1260 ‚
517 1199 726 1265 ejusdem
748 1199 950 1246 Castoris
975 1219 1022 1248 se
1054 1202 1202 1249 filium
1224 1203 1427 1264 fingens,
1463 1219 1577 1267 pau.

149 1284 203 1315 ca
229 1276 412 1314 tantum
458 1283 514 1312 ex
556 1266 760 1331 paternis
798 1265 933 1313 bonis
974 1267 1062 1314 sibi
1096 1286 1121 1315 a
1153 1268 1373 1314 fratribus
1405 1268 1574 1316 donata

152 1342 334 1392 narrat,
370 1330 499 1395 quod
521 1330 693 1378 nothus
715 1339 864 1390 esset,
903 1349 1044 1397 quem
1068 1340 1190 1388 ὠνητὴ
1223 1342 1304 1380 τέκε
1329 1343 1456 1395 μήτηρ
1475 1340 1576 1382 παλ-

153 1403 261 1452 λακίς
283 1398 321 1445 4.
384 1396 525 1445 Nullo
555 1397 694 1460 igitur
724 1399 825 1462 jure
861 1397 910 1443 in
955 1408 1202 1462 parentum
1236 1401 1578 1462 possessionem

154 1462 417 1529 gaudebant
444 1462 600 1522 nothi,
637 1463 717 1527 qui
757 1462 963 1508 minimis
1000 1464 1141 1510 etiam
1182 1465 1324 1511 rebus
1372 1466 1581 1513 contenti

153 1546 254 1577 esse
280 1528 547 1587 debebant,
583 1545 696 1593 quas
725 1527 889 1573 fratres
917 1527 1120 1590 legitimo
1147 1530 1363 1594 conjugio
1393 1549 1417 1577 a
1446 1541 1578 1596 patre

151 1595 359 1659 suscepti
386 1612 474 1659 pro
498 1592 651 1639 lubitu
689 1593 745 1638 iis
776 1595 1111 1641 concessissent
1131 1594 1170 1642 5.
1240 1596 1395 1642 Sortes
1418 1635 1428 1653 ,
1465 1614 1579 1662 quas

151 1660 353 1708 diximus
374 1696 387 1718 ‚
424 1658 602 1722 ligneas
635 1657 773 1704 fuisse
796 1695 807 1716 ‚
839 1668 950 1705 sunt
979 1660 1059 1726 qui
1086 1660 1377 1708 contendant
1401 1662 1438 1708 6.
1513 1664 1584 1711 Sit

150 1726 214 1774 ita
261 1742 344 1789 per
387 1741 464 1771 me
510 1723 658 1771 licet:
707 1723 823 1788 quid
862 1733 1019 1772 nostra
1063 1726 1234 1773 reserat
1275 1744 1372 1773 non
1420 1727 1583 1786 video,

153 1792 204 1838 in
264 1791 400 1837 tantis
447 1790 722 1855 praesertim
768 1788 976 1836 tenebris
1008 1828 1019 1849 ‚
1065 1791 1234 1855 quibus
1271 1792 1453 1840 minora
1504 1794 1585 1842 illa

154 1854 429 1904 abscondita
473 1854 638 1902 latent.
734 1853 856 1901 Nota
902 1854 1131 1920 quaedam
1165 1892 1177 1914 ,
1231 1869 1338 1918 σῆμα
1370 1869 1390 1902 7
1424 1893 1436 1916 ,
1497 1878 1587 1924 qua

154 1918 291 1969 suam'
337 1920 532 1984 quisque
577 1918 909 1981 dignosceret,
961 1921 1153 1984 singulis
1211 1922 1415 1970 sortibus
1470 1921 1586 1971 inei-

157 1986 209 2034 di
238 1984 310 2034 vel
343 1983 536 2034 inscribi
574 1983 782 2043 solebat,
820 1994 1046 2050 quantum
1077 1985 1267 2051 quidem
1303 2005 1358 2035 ex
1389 2005 1443 2035 eo
1471 2008 1586 2037 con-

154 2055 335 2119 jectura
391 2066 557 2115 capere
606 2049 742 2096 liceat
768 2087 780 2109 ‚
832 2050 958 2116 quod
991 2089 1002 2110 ,
1052 2053 1260 2118 quamvis
1301 2054 1351 2100 in
1394 2072 1444 2101 re
1485 2057 1588 2103 dis-

155 2116 336 2176 simili,
382 2116 510 2163 idem
562 2115 756 2162 fecerint
805 2116 1094 2164 Graecorum
1152 2119 1430 2184 optimates,
1480 2125 1589 2186 qui,

156 2182 261 2248 quis
301 2199 408 2229 cum
446 2182 649 2228 Hectore
696 2198 899 2245 pugnam
943 2183 1117 2245 iniret,
1169 2186 1408 2245 sortituri,
1454 2191 1588 2250 κλήρῳ

156 2251 343 2312 ἐσῂμαντο
379 2252 536 2302 ἕκαστος
558 2247 593 2292 3.
664 2247 768 2307 Quo
802 2247 954 2308 facte,
990 2267 1100 2296 cum
1144 2259 1290 2298 sortes
1321 2251 1371 2298 in
1414 2252 1587 2316 galeam

1500 2337 1595 2368 una

208 2459 246 2503 1)
269 2458 310 2496 Il.
331 2458 399 2505 IX,
424 2460 491 2495 454
515 2471 611 2505 seqq.
701 2458 740 2503 2)
767 2458 829 2497 Od.
846 2461 915 2496 VII
931 2489 941 2507 ,
966 2461 1045 2508 149.
1071 2471 1146 2508 seq.
1249 2462 1287 2508 5)
1312 2457 1376 2498 Od.
1400 2461 1500 2502 XIV,
1525 2465 1591 2498 208

163 2526 235 2559 seq.
337 2514 376 2558 4)
402 2514 483 2550 vid.
504 2514 571 2550 Od.
595 2513 638 2551 L.
661 2512 686 2550 l.
712 2525 760 2549 vs.
780 2529 846 2550 202
865 2529 960 2562 seqq.
987 2516 1045 2552 cll.
1071 2529 1120 2553 vs.
1145 2530 1222 2552 210.
1338 2517 1376 2560 5)
1404 2517 1456 2551 De
1479 2518 1594 2552 nothis·

167 2567 268 2613 plura
290 2568 364 2601 vide
390 2567 427 2604 h.
450 2568 489 2603 L.
515 2579 543 2604 c.
563 2572 613 2603 15.
641 2571 671 2615 ᾗ.
691 2567 830 2605 ultima.
932 2571 971 2614 6)
997 2571 1079 2607 vid.
1105 2570 1267 2607 Eustath.
1291 2571 1332 2605 ad
1352 2571 1393 2607 Il.
1421 2570 1476 2605 ΠΙ
1493 2601 1501 2616 ‚
1529 2569 1594 2608 516

166 2633 262 2666 seqq.
297 2623 354 2667 qui
392 2623 536 2658 Homeri
570 2624 664 2658 locus
698 2623 738 2656 de
774 2625 944 2660 sortiendi
980 2626 1081 2660 modo
1119 2627 1239 2671 utique
1270 2634 1321 2660 est
1351 2626 1596 2672 inspiciendus·

167 2677 206 2723 7)
231 2675 272 2711 11.
298 2675 388 2721 wll,
417 2678 492 2724 189.
520 2683 617 2722 σῆμα
642 2678 789 2724 κλήροιν.
891 2680 930 2724 8)
955 2679 998 2716 ll.
1016 2681 1053 2716 L.
1077 2680 1101 2716 l.
1126 2692 1173 2715 vs.
1198 2683 1273 2725 175-

1105 2741 1135 2772 G
1162 2740 1184 2774 3
