1780 3120
588 134 1158 207 HoMERICA.
1519 155 1585 226 47

170 286 323 341 Immo
352 304 460 338 vero
502 287 596 354 ipsi
634 288 773 334 etiam
811 287 901 335 Dei
939 285 1019 348 (in
1050 286 1217 352 quibus
1242 287 1486 340 hominum
1523 308 1581 344 ea

169 367 317 406 aetate
342 354 494 402 studia
527 363 763 420 totamque
804 352 919 400 adeo
948 353 1112 417 agendi
1140 354 1414 421 vivendique
1444 357 1583 404 ratio-

167 441 278 470 nem
320 421 448 487 quasi
481 437 693 486 expressa
736 420 1028 483 cernimus),
1075 419 1194 484 ipsi,
1235 420 1450 486 inquam,
1492 423 1583 474 Dei

151 488 283 542 ,illud
315 495 454 551 agunt
482 487 530 533 in
560 487 749 551 primis,
782 494 837 532 ut
866 483 1037 531 mortui
1074 487 1295 551 cujusque
1327 486 1415 533 sibi
1445 489 1583 535 caris·

165 554 271 600 simi
295 552 513 599 cadavera
530 552 796 616 incorrupta
818 559 1074 598 serventur.
1143 551 1249 610 Quo
1269 552 1460 600 consilio
1488 570 1584 602 am-

162 618 316 666 brosia
348 616 418 664 illi
455 617 798 676 adhibuerunt,
835 625 887 663 ut
911 615 1157 676 Phoebus,
1188 617 1269 681 qui
1304 614 1584 684 Sarpedonis

166 684 306 735 occisi
351 691 521 747 corpus
560 691 691 745 χρῖσέν
728 684 762 729 τ’
793 686 1010 745 ἀμβροσίῃ,
1053 687 1137 744 περὶ
1174 684 1208 728 δ’
1231 683 1410 747 ἄμβροτα
1443 692 1582 746 εἵματα

160 754 251 802 ἕσσε,
275 760 292 783 ²
307 787 318 808 ,
353 765 469 813 quae
495 747 695 794 Patrocli
718 760 740 782 2
764 757 811 795 et
839 748 1051 795 Hectoris
1075 747 1098 781 5
1122 747 1418 798 cadaveribus
1438 751 1581 799 simili

161 815 339 863 ratione
367 814 486 860 facta
512 812 776 862 traduntur.

227 879 266 943 ξ.
301 879 348 941 4.
416 878 539 924 Tum
574 878 717 926 linteo
757 880 888 926 tenui
928 887 1078 926 totum
1107 897 1132 926 a
1164 881 1314 946 capite
1346 880 1406 928 ad
1439 882 1584 948 pedes

157 961 306 1011 usque
334 942 597 993 involutum
626 952 841 1010 arcteque
870 946 1174 992 constrictum
1194 964 1361 1011 corpus
1388 949 1439 995 in
1457 949 1579 997 lecto

157 1007 288 1059 ferali
335 1008 636 1076 deponebant
666 1047 680 1070 ‚
730 1020 845 1076 φάρεϊ
891 1027 1036 1077 eoque
1081 1011 1175 1059 sere
1218 1012 1322 1059 albo
1377 1031 1579 1080 superno

159 1084 352 1124 tectum.

287 1143 355 1188 Ἐν
380 1145 551 1203 λεχέεσσι
580 1141 619 1187 δὲ
642 1144 779 1200 θέντες,
821 1145 916 1205 ἑανῷ
944 1145 1017 1190 λιτὶ
1036 1145 1208 1204 κάλυψαν

287 1205 354 1261 Ἐς
380 1210 493 1261 πόδας
528 1214 570 1253 ἐκ
594 1210 779 1271 κεφαλῆς·
811 1213 1017 1271 καθύπερθε
1041 1211 1080 1255 δὲ
1100 1245 1111 1266 ,
1147 1217 1262 1272 φάρεϊ
1283 1213 1403 1275 λευκῷ
1423 1211 1463 1261 4.

156 1271 213 1319 In
228 1271 353 1318 hunc
377 1289 512 1318 usum
537 1273 815 1319 nominatim
835 1285 945 1338 φᾶρος
963 1271 1182 1320 texebant
1196 1285 1414 1337 cognatae
1429 1317 1440 1337 ‚
1466 1297 1580 1345 qua-

155 1335 200 1384 le
228 1337 407 1401 paravit
423 1336 659 1401 Penelope
680 1373 692 1394 ‚
728 1354 836 1383 cum
862 1355 1026 1402 procos
1053 1337 1163 1384 dolo
1183 1338 1455 1392 demulcens
1469 1362 1577 1394 con-

156 1404 269 1467 jugii
290 1419 374 1466 spe
405 1402 537 1449 inani
562 1401 777 1459 lactaret,
811 1404 874 1450 ita
903 1403 1147 1451 dictitans:

285 1466 449 1529 Μίμνεέ
471 1473 689 1530 ἐπειγόμενοι
714 1473 774 1514 τὸν
797 1473 882 1529 έμὲν
909 1478 1027 1532 γάμον
1044 1507 1056 1527 ,
1090 1475 1207 1518 εἰσόκε
1231 1483 1344 1537 φᾶρος

281 1534 494 1580 ’Exn-:Mon
512 1567 1264 1587 ................

283 1600 442 1660 Λαέρτῃ
471 1602 572 1661 ἥρωϊ
594 1606 742 1662 ταφήῖεν
770 1620 808 1645 κ.
839 1617 874 1645 τ.
900 1602 937 1645 λ.
961 1600 1000 1648 5.

152 1661 291 1724 Quod
334 1664 466 1728 pium
502 1663 614 1728 ipsis
657 1662 863 1710 officium
896 1666 1035 1712 fuisse
1077 1674 1123 1714 et
1157 1669 1329 1716 mortui
1360 1672 1572 1722 aestima-

149 1730 268 1776 tioni
303 1727 516 1775 debitum
548 1746 604 1775 ex
634 1728 689 1775 iis
728 1729 1026 1793 intelligitur,
1065 1750 1182 1798 quae
1208 1735 1443 1800 prioribus
1463 1738 1571 1787 sub-

150 1794 306 1861 junxit
336 1792 521 1859 Ulyssis
553 1797 721 1861 conjux
753 1795 1053 1844 fidelissima:

279 1864 350 1912 Μή
380 1868 436 1912 τίς
465 1880 525 1920 μοι
554 1867 652 1906 κατα
681 1862 794 1920 δῆμον
818 1865 1049 1923 Ἀχαιιάδων
1077 1872 1265 1927 νεμεσήσῃ
1283 1904 1294 1922 ,

277 1926 393 1970 Α’ίκεν
424 1927 518 1987 ἄτερ
542 1932 691 1987 σπείρου
723 1939 868 1984 κεῖται,
902 1931 1019 1973 πολλὰ
1044 1938 1268 1984 κτεατίσσας
1291 1932 1330 1978 6.

133 1989 250 2052 ,Hac
283 1989 412 2035 ferali
462 1998 586 2035 veste
614 1998 786 2036 tectum
818 1999 866 2037 et
895 2001 1109 2047 ornatum
1145 1994 1342 2043 cadaver
1367 1996 1416 2043 in
1453 1998 1570 2047 atrio

146 2053 434 2102 collocabant
475 2055 566 2111 ita,
619 2064 670 2101 ut
698 2056 747 2101 in
788 2065 967 2120 portam
1009 2060 1127 2106 versi
1167 2071 1320 2109 essent
1359 2063 1569 2114 desuncti

145 2120 318 2185 pedes,
355 2121 531 2185 quippe
556 2124 741 2187 jamjam
764 2120 1007 2172 efferendi.
1075 2126 1149 2172 Sic
1179 2127 1230 2173 in
1249 2128 1440 2177 Achillis
1466 2139 1568 2178 ten-

146 2187 264 2233 torio
292 2186 556 2233 Patroclus:

340 2256 454 2299 Κεῖτο
471 2289 483 2311 ,
519 2257 591 2298 ἀνα
618 2256 795 2315 πρόθυρον
823 2261 1069 2318 τετραμμένος
1093 2269 1131 2306 7.

144 2315 250 2377 Quo
289 2315 407 2365 vitae
448 2316 596 2365 exitus
628 2318 946 2383 significatur,
982 2331 1034 2368 ut
1076 2323 1138 2370 ait
1179 2323 1474 2384 Eustathius‚
1508 2329 1567 2375 οἷα

1463 2391 1568 2448 ἐ’ὄονς

188 2529 224 2573 1)
249 2528 294 2567 11.
317 2530 416 2577 XVI,
442 2532 518 2567 680.
543 2529 596 2564 De
617 2531 790 2568 ambrosia
816 2535 885 2580 egit
907 2537 1020 2583 Heyn.
1044 2538 1081 2573 in
1098 2539 1180 2576 Exc.
1202 2539 1259 2576 IX.
1285 2538 1326 2573 ad
1350 2537 1394 2574 Il.
1420 2537 1457 2584 I,
1480 2541 1561 2586 529·

139 2582 246 2626 2)11.
284 2584 381 2631 XIX,
418 2588 461 2621 38
492 2598 564 2630 seq.
727 2588 765 2631 5)
790 2588 832 2625 ΙΙ.
869 2591 1004 2638 XXIII,
1036 2596 1101 2628 186
1136 2607 1207 2640 seq.
1253 2593 1307 2629 Cf.
1340 2592 1470 2638 XXIV,
1496 2607 1560 2640 19,

141 2639 330 2677 413—23.
363 2647 398 2675 et
430 2640 524 2684 XIX,
550 2641 605 2676 58.
746 2642 785 2687 4)
812 2644 853 2681 11.
879 2646 994 2682 XVIII
1010 2676 1021 2693 ‚
1045 2651 1113 2684 552
1134 2661 1204 2693 seq.
1346 2645 1385 2690 5)
1411 2646 1475 2686 Od.
1498 2648 1561 2704 II²

139 2703 183 2737 97
207 2703 301 2737 seqq.
419 2694 457 2739 6)
482 2694 546 2732 Od.
570 2693 610 2731 L.
633 2693 659 2732 l.
685 2707 732 2732 vs.
760 2710 819 2734 101
846 2711 918 2745 seq.
1053 2703 1091 2748 7)
1116 2703 1158 2740 Il.
1184 2702 1282 2747 XIX,
1305 2715 1383 2739 212.
