1780 3120
567 134 1140 217 HoM'ERICA.
1487 173 1550 226 29

135 300 265 351 ribus
290 294 404 347 locis
432 313 520 346 vox
546 301 738 359 ἑκατόμβη
769 296 827 344 de
867 294 1112 344 indefinito
1146 293 1439 342 victimarum
1469 308 1555 342 nu-

140 383 270 415 mero
308 372 556 428 usurpatur
578 402 590 422 ‚
632 381 722 429 qua
765 362 952 410 solenne
988 360 1242 425 generatim
1279 361 1555 407 sacrificium

142 431 448 495 significetur,
483 428 608 495 quod
645 429 855 494 pluribus
899 428 1100 475 victimis
1135 434 1340 490 paratur.
1407 426 1555 484 Quin-

141 497 354 562 quaginta
383 494 537 541 ovium
565 499 775 556 ἑκατόμβην
816 492 1015 558 exempli
1046 494 1187 556 gratia
1210 507 1296 556 pro
1324 489 1447 538 salvo
1477 489 1559 536 filii

142 561 296 609 reditu
325 561 557 625 Spercheo
591 569 772 607 voverat
801 559 995 606 Peleus:

308 629 545 678 Πεντήκοντα
577 627 611 674 δ’
632 629 771 688 ἔνορχα
798 627 886 688 παρ’
919 629 1042 670 αὐτόθι
1070 621 1160 684 μῆλ’
1183 627 1354 685 ἱερεύσειν
1377 633 1413 671 ¹.

145 691 273 752 Quin
298 691 436 737 etiam
461 689 708 737 duodecim
727 691 869 737 boves
888 690 1092 738 Athenae
1109 687 1434 735 sacrificandos
1455 685 1567 734 Tro·

148 757 268 823 janis
302 758 608 819 imperaturus
642 757 840 814 Hector,

225 851 228 853 >
275 825 408 878 Εἴπω,
441 821 618 885 inquit,
652 824 893 883 βουλευτῇσι,
929 825 993 865 καὶ
1018 827 1199 882 ἡμετέρῃς
1232 823 1422 881 ἀλόχοισι,

269 890 451 947 Δαίμοσιν
478 891 719 947 ἀρήσασθαι,
753 891 980 947 ὑποσχέσθαι
1010 886 1047 933 δ’
1071 892 1216 946 ἑκατέμ,
1243 907 1286 939 ας
1307 895 1345 931 ².

211 949 256 1013 ξ.
291 967 338 1016 7.
402 949 685 998 Editioribus
705 952 798 998 fere
829 951 940 997 locis
966 950 1180 996 victimae
1212 966 1371 997 caesae
1400 948 1574 996 sacrifi-

151 1015 376 1064 cabantur
392 1015 451 1062 ad
478 1034 576 1062 aras
594 1054 605 1075 ‚
640 1017 696 1063 ab
720 1018 919 1064 Homero
934 1020 1083 1076 βωμοὺς
1099 1024 1390 1081 nuncupatas
1407 1052 1418 1072 ‚
1453 1029 1570 1078 quae

153 1099 251 1129 non
281 1082 333 1128 in
367 1081 550 1146 templis
587 1090 769 1129 tantum
803 1090 1063 1129 exstructae
1094 1090 1252 1138 erant,
1288 1079 1369 1126 sed
1414 1079 1572 1142 singu-

154 1146 242 1205 lis,
275 1145 443 1212 quibus
471 1147 571 1193 Diis
612 1165 740 1195 sacra
780 1148 1011 1205 facerent,
1052 1145 1166 1192 locis
1195 1147 1307 1209 erigi
1346 1143 1574 1192 solebant.

156 1213 214 1260 In
239 1212 378 1260 maris
403 1221 526 1259 certe
551 1212 688 1260 litore
720 1212 808 1262 sibi
836 1231 964 1260 aram
980 1212 1150 1258 exstrui
1180 1211 1311 1276 jubet
1327 1208 1577 1264 ,Phoebum

354 1282 437 1324 Καὶ
468 1281 598 1339 βωμὸν
629 1281 799 1334 mima-,²
825 1286 885 1326 ε’πί
917 1280 1065 1340 ῥηγμῖνι
1098 1280 1291 1331 θαλάσσης

353 1346 440 1404 Πῦρ
472 1349 714 1400 ἐπικαίοντες,
751 1351 815 1389 ἐπί
842 1343 875 1390 τ’
899 1343 1041 1407 ἄλφιτα
1065 1347 1179 1389 λευκοὶ
1211 1346 1352 1396 θύοντες
1375 1339 1413 1388 3.

164 1405 354 1456 Graecis
386 1412 483 1453 κατὰ
509 1418 596 1461 νῆας
620 1424 723 1454 arae
746 1408 964 1454 fuerunt:

426 1506 634 1519 .....
663 1480 726 1518 ἵνα
759 1475 822 1537 σφ’
844 1481 960 1535 ἀγορή
986 1491 1026 1519 τε
1054 1476 1159 1533 θέμις
1191 1490 1231 1518 τε

327 1541 460 1594 ’Ήην,
494 1542 542 1599 τῇ
573 1540 620 1592 δὴ
655 1546 723 1584 καί
752 1559 815 1602 σφι
850 1542 940 1584 θεῶν
972 1543 1187 1600 ἐτετεύχατο
1218 1540 1346 1599 βωμοί
1365 1537 1403 1583 4.

163 1601 452 1669 Aphroditae
484 1618 610 1648 aram
637 1612 771 1650 vovet
801 1603 1028 1649 Anchises

511 1702 522 1713 .
558 1673 594 1714 ἐν
629 1673 782 1731 σκοπιῇ,
815 1676 1101 1732 περιφαινομένῳ
1127 1673 1178 1714 ε’νί
1205 1674 1319 1732 χώρῳ
1341 1668 1377 1714 5.

163 1734 223 1782 In
253 1732 372 1782 lucis
397 1741 634 1797 praeterea
653 1743 700 1781 et
724 1735 841 1798 agris
869 1734 1007 1781 sacris
1027 1771 1039 1792 ,
1075 1750 1164 1780 nec
1191 1750 1288 1779 non
1316 1732 1377 1780 ad
1404 1732 1580 1794 sontes,

166 1799 430 1865 frequentes
482 1815 584 1845 arae
631 1799 908 1855 adfuerunt,
956 1797 1105 1864 qualis
1148 1799 1476 1863 Nympharum
1519 1799 1582 1847 ad

167 1865 378 1928 Sperchii
399 1865 726 1926 scaturiginem
748 1865 770 1898 6
802 1874 849 1910 et
865 1863 925 1910 ad
938 1864 1115 1909 fontem
1140 1864 1455 1911 Ithacensium
1478 1863 1585 1914 urbi

171 1931 375 1977 vicinum
394 1965 406 1986 ,

430 2030 442 2041 .
579 2029 590 2039 .
621 1996 680 2039 ‘0'91
711 2003 844 2047 πάντες
875 1995 1105 2057 ἐπιρέζεσκον
1136 1997 1254 2042 ὁδῖται
1280 2006 1315 2040 7.

167 2057 371 2125 Apollini
403 2057 708 2105 hecatomben
746 2057 1047 2106 immolarunt
1075 2059 1341 2107 Ithacenses
1372 2057 1485 2114 ἄλσος
1518 2065 1584 2108 ὑπὸ

167 2129 307 2190 σκιερὸν
329 2124 350 2157 8
383 2132 430 2171 et
455 2123 621 2171 Achivi

431 2226 445 2240 .
477 2225 492 2238 .
530 2223 543 2235 .
577 2225 589 2236 .
621 2195 705 2252 περὶ
738 2201 874 2251 κρήνην
906 2194 1017 2251 ἱεροὺς
1051 2196 1149 2238 κατὰ
1182 2193 1332 2251 βωμοὺς

334 2258 451 2317 Καλῇ
483 2260 552 2302 ὑπὸ
583 2259 819 2316 πλατανίστῳ
835 2293 846 2312 ,
878 2259 958 2301 ὅθεν
988 2259 1069 2318 ῥέεν
1101 2259 1237 2319 οέγλαὸν
1268 2258 1367 2318 ὕδωρ
1388 2265 1425 2302 9.

238 2320 279 2386 §.
312 2323 356 2369 8.
422 2322 479 2368 In
503 2320 696 2387 privatis
724 2320 925 2386 denique
953 2320 1143 2369 aedibus
1169 2321 1326 2369 altaria
1356 2321 1590 2389 poneban-

180 2408 184 2412 ·
1490 2396 1563 2434 tur
1580 2425 1594 2448 ,

222 2516 259 2560 1)
283 2516 326 2554 Il.
339 2516 462 2563 XXIII,
479 2519 542 2552 146
555 2528 645 2562 ,seq.
715 2513 754 2558 α)
779 2513 820 2552 Il.
834 2514 905 2561 VI,
920 2528 958 2552 11
977 2527 1047 2561 seq.
1072 2515 1149 2553 coll.
1170 2518 1352 2564 vs.93seq.
1378 2515 1432 2553 Cf.
1444 2515 1507 2551 Od.
1521 2515 1593 2556 ΙΙΙ,

175 2573 282 2617 7,59.
358 2574 397 2617 5)
422 2573 548 2618 Hymu.
563 2571 599 2605 in
616 2568 729 2615 Apoll.
753 2581 801 2606 vs.
814 2572 892 2616 490.
961 2570 999 2615 4)
1026 2570 1068 2607 11.
1092 2571 1242 2615 X1,806
1262 2583 1334 2616 seq.
1401 2571 1440 2615 5)
1465 2571 1594 2616 Hymn-

176 2625 214 2659 in
227 2625 335 2670 Aphr.
358 2639 407 2662 vs.
425 2641 501 2662 100.
527 2625 583 2660 Cf.
604 2624 669 2660 Od.
691 2624 806 2670 XVII,
830 2638 909 2663 210.
1005 2625 1043 2668 6)
1068 2624 1110 2662 Il.
1125 2625 1257 2669 XXIII,
1275 2627 1349 2661 148.
1445 2625 1482 2671 7)
1509 2626 1589 2663 vid.

177 2679 241 2717 Od.
266 2679 290 2718 l.
311 2682 334 2717 l.
430 2681 468 2725 8)
495 2680 574 2718 vid.
598 2680 661 2716 ΟΔ.
686 2679 768 2725 XX,
793 2680 871 2726 278.
928 2704 931 2713 ι
989 2679 1027 2725 9)
1051 2679 1093 2716 11.
1119 2678 1177 2724 11,
1203 2681 1268 2713 505
1291 2690 1386 2724 seqq.
