1780 3120
155 144 252 208 m4
511 143 1210 204 ANTIQUITAS

408 431 760 499 CAPUT
834 432 1367 495 QUARTUM

723 583 791 615 DE
837 581 1063 617 MUSICA·

243 728 285 794 ξ.
324 745 368 780 ῐ,
434 700 596 802 Quae
642 726 881 796 hucusque
917 728 1241 776 recensuimus
1272 726 1489 777 exercitia
1523 745 1608 776 ne-

182 795 375 843 cessaria
399 804 560 853 erant,
602 793 654 841 id
682 803 780 854 est,
826 795 1032 853 victum,
1074 796 1400 854 securitatem,
1438 812 1606 853 usum,

185 870 232 908 et
251 861 471 909 vestitum
492 859 782 924 spectabant.
850 860 1095 907 Accedunt
1117 860 1231 919 alia,
1264 877 1382 926 quae
1405 860 1610 907 delecta-

183 926 323 974 tionis
374 934 421 972 et
476 925 724 989 voluptatis
767 943 904 971 causa
958 926 1304 984 instituebant,
1349 925 1611 991 quibusque

183 992 368 1038 animus
397 988 760 1046 exhilarabatur,
794 989 1020 1037 musicam
1039 991 1144 1036 dico
1167 999 1215 1036 et
1243 999 1446 1039 cantum.
1492 992 1615 1051 Qui-

181 1057 274 1105 bus
318 1057 441 1102 enim
486 1054 662 1101 artibus
707 1054 927 1119 deinceps
971 1055 1140 1102 Graeci
1177 1055 1394 1103 cultiores
1437 1065 1614 1104 tantam

182 1123 236 1170 in
264 1121 475 1169 omnium
510 1122 691 1167 animos
738 1121 835 1167 vim
869 1119 1164 1177 tribuerunt,
1210 1119 1382 1168 iisdem
1426 1120 1615 1168 heroica

185 1195 337 1236 aetate
379 1202 676 1250 summopere
711 1184 1084 1235 delectabantur.
1155 1186 1336 1233 Troicis
1376 1189 1468 1251 jam
1494 1197 1617 1233 tem-

184 1251 412 1319 poribus,
447 1260 501 1303 ut
533 1255 596 1303 ait
621 1251 870 1314 Knigthius
889 1289 901 1309 ‚
935 1269 1090 1315 regem
1122 1269 1506 1317 unumquemque
1534 1269 1620 1317 po-

187 1319 441 1365 tentiorem
496 1318 550 1365 in
593 1317 764 1365 familia
826 1322 1015 1382 poetam
1064 1317 1228 1364 aluisse
1279 1327 1482 1374 constat,
1535 1318 1618 1382 qui

190 1383 401 1448 hospites
432 1391 480 1431 et
513 1383 688 1430 amicos
717 1383 767 1430 in
804 1383 1028 1431 conviviis
1054 1383 1332 1442 delectaret,
1368 1401 1422 1431 ac
1447 1383 1620 1431 civium
1644 1420 1647 1424 ,

192 1451 374 1497 animos
411 1448 471 1496 ad
517 1450 741 1514 pietatem
783 1457 830 1495 et
876 1449 1099 1496 virtutem
1141 1448 1456 1508 accenderet,
1503 1448 1619 1496 dum

190 1515 403 1564 Deorum
443 1514 605 1562 laudes
635 1521 683 1561 et
724 1517 956 1579 majorum
989 1532 1062 1561 res
1101 1514 1281 1563 fortiter
1325 1523 1472 1578 gestas
1519 1532 1622 1561 car-

189 1579 402 1628 minibus
443 1579 503 1626 ad
541 1580 689 1644 lyram
738 1581 932 1627 cantatis
964 1579 1231 1629 celebraret.
1300 1581 1470 1627 Poetae
1509 1580 1622 1631 item

195 1645 391 1710 singuli,
426 1646 507 1709 qui
540 1654 637 1692 arte
666 1653 712 1690 et
738 1645 925 1707 ingenio
958 1646 1151 1691 caeteris
1177 1645 1538 1709 praecellerent,
1573 1653 1621 1690 et

196 1729 398 1775 quorum
440 1711 560 1757 fama
599 1714 692 1775 jam
727 1708 863 1760 latius
909 1711 1280 1775 percrebuisset,
1315 1709 1442 1757 haud
1481 1710 1621 1756 unius

198 1777 429 1842 principis
486 1776 747 1841 patrocinio
791 1775 864 1822 vel
915 1777 1053 1822 unius
1107 1776 1258 1839 gentis
1307 1776 1624 1822 aestimatione

198 1844 442 1899 contenti,
469 1842 739 1908 longinquis
766 1841 1216 1906 peregrinationibus
1243 1840 1436 1904 gloriam
1464 1849 1626 1906 capta-

197 1908 341 1967 bant,
378 1917 514 1973 atque
542 1917 719 1965 artem,
755 1924 894 1972 quain
928 1906 1174 1965 colebant,
1209 1906 1338 1953 vario
1360 1924 1516 1953 rerum
1537 1923 1627 1954 usu

202 1984 252 2020 et
280 1974 530 2020 hominum
553 1973 841 2038 experientia
875 1973 1105 2019 ornabant
1128 1972 1467 2037 augebantque.
1536 1972 1627 2018 Ta·

201 2039 296 2086 lem
327 2039 465 2084 fuisse
492 2038 631 2085 credo
662 2038 937 2100 Thamyrim
965 2037 1098 2087 illum
1136 2038 1395 2084 Thracium
1421 2049 1437 2074 ¹
1469 2064 1532 2074 —·-
1558 2047 1627 2085 ta·

203 2105 392 2170 lemque
425 2104 562 2153 fuisse
587 2106 741 2170 ipsum
779 2104 937 2151 Iliadis
974 2105 1050 2166 (et
1078 2104 1338 2167 Odysseae)
1388 2111 1627 2149 auctorem

205 2181 313 2219 tum
338 2178 547 2217 veterum
575 2170 785 2226 traditio,
820 2178 920 2216 tum
967 2170 1195 2226 carminis
1221 2168 1515 2232 (carminum)
1555 2170 1628 2215 in-

207 2236 338 2284 doles
366 2253 417 2281 ac
454 2236 600 2282 forma
639 2236 717 2282 vix
757 2234 973 2281 dubitare
1008 2235 1117 2281 sinit
1139 2246 1176 2282 2.
1244 2235 1516 2298 Principum
1548 2234 1628 2297 igi-

206 2311 288 2350 tur
322 2301 580 2355 domicilia,
620 2318 779 2364 regum
815 2300 980 2358 aedes,
1027 2300 1188 2365 populi
1229 2298 1474 2363 aliquando
1513 2317 1628 2346 con-

208 2369 371 2415 ciones
400 2367 596 2414 obibant
633 2369 745 2414 σῗειδεί
774 2364 968 2412 deorum
1000 2365 1334 2428 hominumque
1368 2382 1440 2411 res
1483 2375 1630 2430 gestas

207 2435 414 2483 carmine
442 2430 727 2482 celebrantes
749 2468 761 2491 ‚
796 2440 847 2478 ut
880 2432 1103 2480 Phemius
1132 2440 1178 2478 et
1206 2430 1516 2478 DemodocuS.

1511 2496 1633 2561 §a

256 2619 295 2663 ι)
320 2617 402 2652 vid.
426 2613 491 2650 Od.
513 2611 568 2655 11,
597 2609 674 2654 590.
800 2608 836 2652 2)
862 2608 903 2644 R.
928 2608 1041 2653 Payne
1064 2606 1195 2651 Knight
1218 2606 1352 2649 Proleg.
1377 2607 1403 2644 l.
1427 2611 1455 2651 ς.
1477 2605 1632 2643 LXXIV.

209 2687 245 2720 p.
262 2676 317 2708 08.
359 2671 411 2707 Cf.
435 2665 699 2705 Untersuchung
718 2661 803 2695 'fiber
826 2663 972 2697 Homers
1000 2661 1112 2696 Leben
1133 2662 1200 2695 und
1234 2662 1414 2698 schristen.
1461 2662 1529 2695 Ans
1552 2660 1629 2693 dem

208 2727 413 2770 Englischen
440 2723 498 2757 dcs
523 2717 724 2756 Blackwells
753 2717 924 2752 iiber-scm
953 2729 1015 2750 von
1040 2717 1071 2753 J.
1093 2717 1138 2752 11.
1158 2715 1255 2753 Voss.
1281 2716 1431 2752 achistcr
1452 2714 1636 2751 Absclzuitt

203 2797 235 2830 p.
257 2796 300 2818 ut.
329 2784 389 2817 224v
413 2792 504 2823 seqq.
