1780 3120
600 134 1174 227 HoliiERICA;
1526 158 1589 229 33·

174 306 375 364 {issimus
407 311 458 357 in
490 310 666 359 coelum
695 305 1001 356 adscenderet
1029 306 1167 354 nidor
1190 319 1234 365 ¹,
1270 317 1453 354 omento
1483 312 1588 358 σόο-

169 381 322 445 'perire
345 390 368 413 2
401 377 546 442 iisque
580 374 746 422 crudas
775 390 830 419 ex
865 371 1084 421 omnibus
1124 372 1339 420 victimae
1364 372 1592 434 membris*

173 445 346 492 decisas
372 441 619 507 particulas
647 443 888 506 imponere
913 439 936 473 5
968 445 1316 486 consueverant.
1367 437 1496 488 Haec
1520 442 1586 489 ita

172 511 434 558 Homerus:

356 609 368 621 .
763 608 777 623 .
843 607 856 619 .
919 569 1093 634 ’ἔσφαξαν
1126 575 1191 617 καὶ
1219 571 1365 632 ἔδειραν

325 643 479 702 Μηροὺς
514 636 547 687 τ’
574 641 776 701 ἐξέταμον,
812 644 908 683 κατά
941 656 980 682 τε
1014 637 1144 698 mlo-6²5)
1178 639 1394 697 ἐκάλυψαν,

255 741 260 746 .
336 710 516 766 Δίπτυχα
546 713 761 757 ποιήσαντες
780 740 792 762 ,
828 705 883 749 ἐπ’
906 705 1025 749 αὐτῶν
1058 703 1094 748 δ’
1114 707 1351 763 ὡμοτέθησαν
1375 700 1412 747 4.

174 769 238 816 Et
269 767 438 834 Odyss.
474 770 527 814 L.
556 768 672 816 XIV
696 769 732 814 5.

335 833 445 896 Αἶψα
480 835 520 881 δέ
552 855 616 896 μιν
649 837 843 895 διέχευαν·
879 837 896 880 ὃ
930 834 966 879 δ’
986 835 1200 894 ὠμοθετεῒτὸ
1233 835 1430 892 συβώτης,

338 904 526 946 Πάντεθὲν
559 907 760 963 ἀρχέμενες
795 904 956 960 με’)εων,
992 905 1027 952 ές
1060 906 1162 944 πίενα
1196 899 1326 959 δημόν.

239 964 276 1028 §.
310 964 358 1012 6.
426 964 497 1011 I'ta
523 964 656 1030 adipe
686 974 735 1011 et
766 965 899 1011 variis
927 962 1165 1028 particulis
1193 963 1502 1026 primitiarum
1530 964 1600 1011 in-

173 1039 268 1078 star
306 1040 361 1075 ex
397 1038 496 1077 toto
524 1030 711 1079 animali
759 1038 999 1077 contextae
1039 1036 1177 1075 coxae
1210 1027 1300 1075 sale
1332 1030 1406 1078 vel
1450 1030 1600 1078 farin’a

174 1093 390 1161 adspersa
430 1097 523 1160 igni
551 1095 911 1162 imponebantur
941 1093 1208 1142 adolendae.

277 1166 360 1207 Καὶ
393 1167 439 1206 τὰ
472 1167 539 1222 μὲν
571 1170 606 1209 έν
641 1167 728 1225 πυρί
764 1165 907 1220 βαὶλε,
943 1164 1106 1214 παλύνας
1138 1165 1289 1226 ἀλφίτου
1321 1165 1419 1223 ἀκτῇ
1441 1161 1479 1209 5.

171 1225 538 1290 Imponebant'ur
566 1236 719 1274 autem
741 1226 875 1290 lignis
895 1226 1046 1272 scissis
1072 1235 1210 1291 atque
1230 1226 1369 1273 aridis
1385 1263 1397 1284 ‚
1429 1232 1490 1273 ε’πί
1508 1234 1602 1290 σχί-

175 1299 240 1352 ζῃς
265 1302 299 1348 7,
320 1290 511 1356 quibus,
536 1310 626 1358 quo
640 1293 801 1339 laetior
820 1290 1006 1338 ssamma
1023 1300 1301 1353 exsurgeret,
1323 1290 1451 1357 quod
1464 1290 1602 1341 fausti

176 1355 344 1403 ominis
370 1354 579 1403 habitum
597 1393 613 1419 ‚
648 1357 743 1404 vini
772 1355 1027 1402 libamenta
1053 1357 1339 1403 infuderunt.
1573 1358 1576 1363 ’

340 1425 439 1467 Καῖε
473 1424 507 1469 δ’
531 1428 591 1468 ε’πί
625 1430 763 1484 σχίζῃς
796 1429 813 1468 ὃ
845 1432 987 1485 γέρων,
1026 1427 1084 1468 ἐπὶ
1117 1424 1303 1472 &awai-:a
1333 1418 1422 1469 οἶνον

343 1487 465 1544 Λεῖβε
489 1487 525 1535 8,

177 1551 249 1598 De
276 1549 416 1597 Peleo
440 1551 725 1599 sacrificante
754 1550 922 1599 Poeta:

375 1652 386 1662 .
459 1654 470 1664 .
708 1651 718 1662 .
783 1620 852 1677 ἔχε
885 1620 925 1664 δὲ
959 1623 1117 1681 χρύσεόν
1148 1619 1320 1681 ἄλεισον,

371 1684 544 1732 Σπένδων
576 1687 713 1730 αἴθοπα
745 1679 833 1729 σῖνσν
866 1687 922 1730 ἐπ’
954 1690 1151 1746 αἰθομένας
1189 1695 1313 1751 ἱεροῖσι
1336 1689 1374 1737 9.

1526 1738 1609 1803 vi.

227 1866 481 1916 1)Pinguiores
502 1869 579 1904 ideo
601 1869 761 1904 victimae
783 1879 899 1916 partes
918 1873 954 1906 in
975 1884 1048 1906 eam
1074 1885 1146 1908 rem
1171 1876 1395 1912 adhibebant.
1468 1876 1506 1922 2)
1518 1878 1605 1910 Κα-

181 1917 299 1964 λύψας
331 1928 430 1958 πίονι,
466 1916 569 1968 δημῷ
600 1923 665 1960 Od.
691 1924 811 1969 XVII,
846 1929 926 1960 241.
975 1929 1117 1974 Ιίνίσσῃ
1148 1930 1332 1970 ἐκάλυψαν
1365 1932 1408 1967 11.
1442 1932 1498 1977 ΙΙ,
1523 1935 1604 1970 425.

179 1973 218 2022 5)
243 1979 487 2019 Ὠμοθετεῖν.
556 1978 594 2021 4)
619 1977 660 2011 11.
686 1978 726 2023 I,
746 1982 812 2024 459
835 1992 927 2024 seqq·
964 1979 1018 2016 Cf.
1041 1981 1098 2026 11,
1117 1984 1182 2018 422
1193 1996 1286 2030 seqq.
1313 1993 1347 2020 et
1370 1986 1484 2023 Schol.
1501 1988 1540 2023 A.
1566 1987 1610 2021 ad

177 2029 221 2069 Il,
237 2032 285 2068 II,
311 2033 396 2069 vs.l.
421 2033 666 2078 'Ampmcaffi
691 2034 981 2074 ἀμφιῑιυνεῖσθαι
995 2063 1005 2079 ,
1029 2038 1218 2082 περιέπειν
1233 2043 1274 2073 de
1290 2052 1391 2084 opere
1412 2042 1448 2075 in
1463 2054 1498 2076 re
1510 2050 1608 2076 sacra

179 2086 373 2121 adhibendo
399 2087 557 2132 inprimis
579 2086 763 2132 dicuntur,
786 2095 825 2122 ut
844 2088 867 2124 l.
890 2089 912 2124 l.
934 2088 1066 2124 abunde
1089 2099 1193 2135 patet.
1296 2095 1334 2139 5)
1360 2094 1500 2141 Vs.417
1512 2107 1610 2142 seqq.

179 2135 231 2175 (31-
247 2140 300 2174 III
315 2168 324 2185 ,
348 2143 415 2176 466
436 2153 530 2187 seqq.
647 2142 683 2186 G)
709 2142 772 2179 Od.
795 2143 894 2188 XIV,
920 2146 999 2189 429.
1022 2144 1236 2191 Il.lX,214.
1341 2149 1378 2196 7)
1403 2150 1446 2185 Il.
1466 2150 1506 2195 I,
1526 2153 1608 2187 465.

150 2216 153 2219 -
177 2194 240 2230 Od.
268 2194 340 2239 111,
365 2197 444 2241 459.
515 2195 552 2239 8)
578 2195 616 2231 ll.
638 2195 675 2240 Ι,
701 2199 778 2233 462.
795 2210 864 2242 seq.
893 2198 945 2234 Cf.
971 2198 1035 2233 Od.
1060 2199 1084 2236 l.
1105 2200 1130 2237 l.
1223 2202 1261 2248 9')
1286 2203 1330 2237 Il.
1353 2205 1417 2249 XI,
1443 2207 1520 2251 773.
1544 2205 1612 2239 Li-

178 2238 339 2283 liamenta
361 2257 497 2294 autem,
522 2249 612 2295 quod
638 2250 750 2284 obiter
776 2263 993 2298 moneamus,
1018 2266 1085 2288 non
1115 2255 1150 2289 in
1175 2257 1354 2293 sacrificiis
1381 2266 1514 2293 tantum
1548 2260 1610 2294 sed

181 2314 257 2336 cum
285 2310 362 2336 ante
383 2303 583 2338 celebranda
612 2312 646 2339 et
668 2313 745 2349 post
768 2306 938 2343 celebrata
957 2309 1112 2343 convivia
1139 2317 1212 2344 tum
1234 2312 1303 2346 alia
1327 2325 1525 2359 quacunque
1550 2326 1612 2349 oc-

180 2351 317 2390 casione
343 2357 422 2391 data
445 2358 523 2392 Diis
550 2358 638 2392 sacta
654 2359 805 2395 fuerunt.
852 2360 903 2394 De
933 2361 1002 2396 illis
1019 2375 1078 2398 suo
1100 2364 1175 2399 loco
1198 2377 1356 2411 agemus:
1382 2367 1423 2401 de
1448 2367 1503 2402 his
1524 2380 1615 2413 pau-

183 2422 222 2444 ca
243 2410 424 2448 sufficiant.
472 2413 657 2448 Pisistrato
680 2421 713 2447 et
734 2413 939 2450 Telemacho
961 2417 1005 2450 ad
1029 2417 1207 2454 Nestonem
1230 2422 1436 2466 profecturis
1452 2423 1611 2467 poculum

182 2464 292 2499 tradit
305 2465 506 2511 Menelaus,
541 2468 633 2513 ὄφρα
658 2468 832 2507 λείψαντε
859 2473 999 2514 κιοίτην
1031 2472 1095 2509 Od.
1119 2474 1197 2519 XV,
1224 2478 1298 2521 149.
1358 2476 1411 2512 Cs.
1437 2476 1540 2522 XIII,
1566 2478 1611 2511 53

184 2529 257 2564 seq.
304 2519 543 2556 Libationibus
571 2535 688 2567 preces
724 2522 794 2556 fere
829 2525 1028 2567 conjunctae
1057 2536 1175 2573 erant,
1213 2538 1250 2564 ut
1281 2530 1345 2565 Od.
1369 2530 1437 2567 l.l.
1484 2530 1611 2565 Achil-

183 2572 234 2607 Ies
264 2572 321 2607 ubi
358 2574 502 2625 libasset
528 2589 589 2621 pro
627 2577 736 2610 fausto
760 2577 910 2613 Patrocli
937 2590 972 2615 et
997 2582 1254 2626 Myrmidonum
1281 2584 1378 2618 abitu
1403 2587 1509 2619 Zeum
1530 2597 1615 2631 pre-

184 2633 281 2660 catur
304 2626 346 2663 11.
371 2628 473 2674 XVI,
500 2634 564 2666 225
591 2644 685 2678 seqq.
734 2631 787 2667 Cf.
810 2644 871 2681 ys..
891 2637 967 2677 241.
995 2634 1038 2671 ΙΙ.
1064 2636 1129 2681 IX,
1158 2650 1231 2682 177.
1260 2641 1383 2683 κοῦροι
1406 2641 1490 2685 (non
1526 2642 1617 2675 servi

188 2689 288 2715 erant
309 2682 367 2715 sed
391 2678 516 2724 liberi,
541 2685 582 2719 de
607 2685 730 2731 quibus
758 2686 825 2722 vid.
851 2687 1001 2724 Nitzsch.
1029 2690 1068 2723 ad
1095 2691 1157 2726 Od.
1183 2690 1258 2734 ΙΙΙ,
1284 2693 1348 2725 558
1373 2701 1407 2727 et
1430 2693 1501 2739 IV,
1527 2698 1616 2739 641,

186 2735 247 2782 52)
273 2744 423 2773 crateras
447 2739 489 2775 ad
511 2752 606 2776 oram
627 2747 663 2777 et
682 2739 775 2778 labia
807 2752 912 2787 usquc
943 2744 1092 2790 repletos
1123 2744 1267 2789 singulis
1287 2745 1447 2784 libaturis
1461 2777 1471 2795 ,
1496 2761 1514 2784 a
1536 2749 1621 2782 dex-

1190 2800 1229 2847 C
1560 2812 1615 2840 tra
