1780 3120
561 124 1140 177 HOMERICA.
1460 125 1562 179 237

140 260 453 326 Agamemnon
498 258 548 306 et
579 259 844 318 Meriones,
876 274 1075 324 quorum
1094 257 1186 316 illi,
1220 266 1382 323 utpote
1416 262 1561 323 ἤμασιν

137 335 282 391 ἀρίστῳ
299 363 312 385 ,
351 326 451 372 sine
486 326 738 383 certamine
766 325 972 392 praemia
997 323 1163 375 tribuit
1201 325 1408 375 Pelides:
1451 330 1561 392 ἴδμεν

135 403 235 461 γάρ,
269 392 452 457 inquit,
769 399 771 401 ’

134 466 137 468 ’
272 490 682 508 .........
711 459 796 505 ὅσον
823 460 1066 520 προβέβηκας
1095 457 1300 516 ἁπάντων,

261 519 356 569 'Ha’
371 524 479 571 ὅσσον
508 525 663 586 δυνάμει
691 543 732 570 τε
757 528 821 570 καὶ
845 527 984 585 ἥμασιν
1004 522 1118 570 ἔπλευ
1145 526 1297 583 ἄριστος
1313 535 1331 558 ⁸-

261 585 387 635 Ἀλλὰ
417 593 465 638 σὺ
492 594 579 651 μὲν.
594 587 671 637 τόδ’
692 589 821 636 ἄεθλον
844 589 944 651 ἔχων
976 592 1101 643 κοίλοις
1123 593 1181 636 ἐπὶ
1202 599 1292 644 νῆας

247 651 433 717 4”Ερχευ,
467 661 567 720 ἀτὰρ
591 659 679 718 δόρυ
707 654 881 717 Μηριόνῃ
909 657 1011 716 ἥρωϊ
1029 661 1223 718 πόρωμεν,

268 719 327 765 Εἰ
358 726 446 784 σι’πχε
479 724 537 782 σῷ
569 723 673 782 θυμῷ
696 723 858 774 ἐθέλοις·
885 725 1036 781 κέλσμαι
1065 726 1142 783 γὰρ
1175 720 1294 782 ἔγωγε
1318 731 1354 766 ¹.

192 782 233 846 §.
276 800 293 829 1
311 801 351 831 1.
417 786 473 831 In
504 784 627 832 lucta
648 793 694 830 et
723 784 928 849 pugilatu
957 794 1108 832 vestes
1126 784 1358 832 exuebant
1377 803 1556 852 pugna-

129 850 254 906 turi,
288 848 442 898 media
477 859 660 898 tantum
692 851 898 915 corporis
927 859 1059 915 parte
1089 849 1148 896 ad
1170 850 1389 914 pudenda
1413 860 1558 915 ζώματι

124 915 301 974 cincta,
352 914 480 981 quod.
519 926 592 964 est
635 924 830 980 περίζωμα
867 923 953 979 περὶ
996 922 1045 963 τὰ
1087 918 1207 965 αἰδοῖα
1227 928 1266 964 ².
1333 916 1455 966 Inde
1495 918 1556 967 de

125 979 295 1044 Ulysse
321 989 370 1028 et
399 985 540 1049 Ajace
569 982 812 1038 luctaturis
843 980 1107 1030 Homerus:

254 1050 321 1094 Τὼ
345 1048 384 1093 δὲ
403 1054 608 1109 ζωσαμένω
642 1051 768 1107 βάτην
797 1051 833 1099 ἐς
859 1055 998 1108 μέσσον
1026 1053 1154 1110 ἀγῶνα
1175 1045 1214 1095 5.

127 1109 247 1169 Cum
276 1112 354 1158 Iro
386 1121 643 1159 certaturus
673 1111 867 1176 Ulysses

251 1181 413 1226 Ζὼσατο
437 1180 506 1239 μὲν
521 1181 674 1242 ρίικεσιν
700 1182 786 1239 περὶ
815 1177 964 1238 μήδεα,
999 1189 1104 1241 φαῖνε
1124 1181 1163 1227 δὲ
1179 1181 1348 1242 μηροὺς,

250 1245 402 1296 Καλοὺς
433 1263 502 1301 τε,
535 1246 718 1306 μεγάλους
746 1262 788 1289 τε
803 1278 814 1298 ,
849 1244 960 1305 φάνεν
989 1246 1030 1291 δέ
1053 1250 1084 1289 οἱ
1109 1247 1228 1309 εὐρέες
1261 1243 1354 1306 ὦμοι

248 1311 396 1361 Στήθεοὶ
419 1326 460 1354 τε
477 1345 489 1366 ,
525 1311 706 1372 στιβαροί
732 1328 772 1354 τε
795 1310 992 1370 βραχίονες
1015 1308 1052 1352 4.

114 1372 316 1435 Euryalo
332 1409 344 1431 ,
380 1390 489 1420 cum
515 1375 646 1438 Epeo
676 1372 904 1437 pugilatus
925 1381 1161 1420 certamen
1187 1373 1362 1421 inituro
1378 1410 1391 1433 ‚
1424 1374 1536 1422 Dio,

114 1440 273 1485 medes
296 1446 407 1500 ζῶμα
451 1443 756 1502 παρακάββαλεν
778 1437 815 1486 5.
884 1439 939 1484 In
977 1456 1115 1485 cursu
1153 1448 1309 1486 utrum
1344 1440 1461 1488 nudi
1492 1450 1541 1490 et

115 1505 256 1560 cincti
286 1503 462 1550 fuerint
501 1513 733 1551 certantes
771 1519 862 1550 nec
901 1520 995 1563 ne,
1046 1504 1241 1550 Homeri
1271 1507 1538 1554 testimonio

114 1566 346 1621 destitutis
374 1568 509 1618 nobis
536 1587 631 1615 non
658 1569 828 1634 liquet:
863 1574 1085 1631 ἡμιγύμνσυς
1104 1569 1332 1616 Phaeacas
1354 1571 1537 1620 discum

111 1635 318 1681 emisisse
363 1651 472 1681 cum
511 1634 759 1681 Eustathio
804 1634 1022 1702 suspicati
1053 1651 1216 1685 sumus
1242 1671 1255 1697 ,
1306 1643 1354 1683 et
1390 1652 1534 1702 supra

114 1696 411 1746 observatum
451 1698 668 1747 dedimus
691 1700 728 1748 6.

175 1766 214 1827 §.
255 1781 329 1812 12.
408 1766 600 1811 Praeter
639 1783 722 1824 ea,
783 1781 899 1829 quae
942 1765 1267 1831 exposuimus»,
1313 1768 1534 1817 exercitia

110 1829 241 1896 quasi
265 1829 507 1889 militaria,
553 1831 776 1879 heroibus
798 1832 851 1877 in
889 1848 975 1878 usu
1014 1828 1203 1879 suerunt
1232 1830 1411 1880 ludicra
1429 1871 1441 1890 ‚
1476 1844 1531 1883 ut

107 1900 358 1958 ἀστραγάλων
387 1904 434 1943 et
465 1908 622 1943 πεττῶν.
686 1898 742 1942 In
767 1894 967 1943 talorum
997 1897 1107 1944 ludo
1140 1896 1384 1961 parvulum
1415 1898 1534 1947 Am..

109 1959 429 2025 phidamantis
450 1960 604 2018 filium
626 1960 869 2011 Patroclus
900 1978 948 2013 se
974 1962 1173 2011 invitum
1200 1961 1426 2011 occidisse
1458 1981 1534 2014 re.

103 2027 196 2080 fert

238 2128 496 2143 ......
532 2093 627 2157 ἀμφ’
652 2096 919 2157 ἀστραγάλοισι
941 2096 1114 2155 χολωθείς
1138 2102 1176 2143 7.

104 2156 251 2222 Cujus
291 2158 484 2225 quidem
533 2157 637 2206 ludi
670 2159 810 2206 semel
842 2167 1024 2204 tantum
1054 2157 1112 2204 ab
1158 2159 1365 2208 Homero
1392 2177 1529 2213 men-,-

102 2223 280 2279 tionem
305 2226 476 2273 factam
499 2241 595 2273 esse
612 2232 738 2272 recte
771 2222 889 2273 vidit
917 2223 1198 2272 Scholiastes
1222 2225 1261 2274 8..
1327 2227 1400 2274 De
1428 2230 1521 2293 Ly-

1455 2295 1528 2347 dis,

149 2426 186 2472 1)
212 2427 256 2465 Il.
280 2429 417 2475 XXIII,
440 2431 508 2476 890
530 2443 624 2483 seqq.
754 2430 793 2474 2)
819 2429 902 2466 vid.
933 2428 1048 2466 schol.
1072 2441 1125 2476 ap,
1149 2430 1264 2477 Heyn.
1293 2431 1378 2470 Var.
1406 2433 1519 2472 Lectt.

102 2482 303 2523 ethbserv.
325 2485 369 2519 ad
390 2484 430 2521 11.
452 2485 493 2522 L.
514 2486 541 2523 l.
564 2478 612 2522 vs.
638 2486 700 2520 681
723 2496 816 2530 seqq.
908 2483 946 2527 5)
973 2483 1105 2521 11.L.1.
1130 2497 1178 2522 vs,
1205 2487 1284 2522 685.
1386 2487 1425 2530 4)
1450 2487 1519 2533 Od5

100 2535 244 2581 xvm,
276 2540 320 2574 66
341 2551 435 2585 seqq.
585 2539 623 2583 5)
653 2540 697 2575 11.
730 2537 870 2582 xxm,
903 2540 980 2574 685.
1029 2538 1083 2575 Cf.
1119 2539 1154 2577 h.
1188 2552 1219 2578 c,
1255 2542 1286 2586 ς.
1319 2552 1351 2586 7-
1385 2548 1459 2578 not.
1482 2545 1517 2580 8.

97 2592 137 2635 6)
163 2591 243 2627 vid.
277 2592 316 2626 h.
339 2605 371 2632 c.
404 2596 437 2641 §·
460 2595 495 2632 5.
527 2601 600 2632 not.
619 2595 652 2632 6.
771 2593 810 2640 7)
834 2593 877 2630 11.
902 2592 1036 2639 xxm,
1068 2595 1125 2640 87.
1259 2593 1298 2640 8)
1332 2593 1448 2635 Schol.
1471 2590 1516 2639 Aa

100 2645 144 2680 ad
168 2645 255 2685 11.1.
279 2647 304 2686 l.
