1780 3120
578 113 1154 166 HOMERICA.
1478 118 1575 185 275

155 245 408 306 Homerus,
446 250 609 310 χαλκῆες
635 256 751 308 κάμον
781 252 912 312 ἄνδρες
938 261 974 299 ¹.
1042 249 1126 295 His
1157 249 1244 296 rite
1261 249 1443 314 Corpori
1476 267 1569 313 ap·-

148 317 308 378 positis
330 313 601 378 injiciebant
628 314 860 376 cingulum
878 353 888 371 ,
923 324 1099 378 ζωστῆρα
1121 325 1142 348 2
1161 352 1172 371 ‚
1210 331 1259 360 ea
1284 325 1438 379 parte,
1475 333 1566 380 qua

146 386 260 440 ζῶμα
287 388 333 425 et
356 385 509 443 θώρακα
543 381 790 441 conjuncta
823 378 1025 426 diximus
1043 418 1052 435 ,
1091 382 1225 444 cuius
1255 381 1420 443 cinguli
1442 381 1563 428 fibu-

147 443 217 491 lae
247 444 312 490 vel
339 445 475 499 unci,
512 451 695 505 §mr-7793
714 451 820 505 ὀχῆες
844 443 867 478 3
885 484 895 498 ,
932 444 1271 509 prohibebant,
1303 461 1361 490 ne
1380 454 1489 500 ζῶμα
1515 456 1563 494 ct

141 511 270 571 θώραξ
311 510 430 572 (nec
471 509 543 555 his
578 509 825 571 subjuncta
858 513 1007 572 μίτρα)
1047 510 1330 558 diffluerent.
1406 513 1558 569 Quam

140 576 498 624 munitissimam
524 575 639 622 adeo
662 576 868 640 corporis
887 586 1065 641 partem
1089 577 1160 623 his
1185 577 1397 623 universe
1417 579 1558 641 sigui-

141 639 297 686 ficavit
329 642 496 687 Poeta:

270 738 682 755 .........
713 707 771 752 ‘0'91
797 713 983 768 ζωστῆρος
1013 712 1122 770 ὀχῆες

269 773 432 834 Χρύσεοι
461 775 635 832 σύνεχον,
670 775 734 815 καί
754 773 894 825 διπ).σός
920 770 1047 826 ἤντετο
1074 774 1201 837 θώρηξ
1223 772 1260 821 4.

134 835 369 884 Omnibus
397 836 605 883 numeris
631 833 868 883 absolutus
904 845 973 884 est
993 874 1005 893 ‚
1040 855 1179 904 quem
1213 837 1519 902 explicuimus
1538 880 1552 901 ‚

133 901 344 948 armandi
389 900 569 947 modus.
637 901 738 947 Nec
781 910 936 948 tamen
965 921 1081 950 unus
1116 903 1334 969 idemque
1364 922 1551 972 semper

131 967 218 1014 fuit
248 974 326 1013 aut
357 982 457 1013 esse
493 966 674 1030 potuit,
710 983 798 1014 nec
831 967 1004 1031 ubique
1032 987 1056 1015 a
1091 970 1234 1016 Poeta
1258 979 1352 1016 tam
1380 971 1552 1020 diserte

126 1041 428 1080 memoratur.
496 1031 633 1092 Quod
660 1033 853 1078 omnino
879 1035 967 1080 erit
1003 1036 1252 1082 tenendum
1271 1074 1282 1095 ,
1316 1052 1377 1082 ne
1407 1039 1464 1084 ad
1496 1057 1550 1089 ea

125 1095 225 1143 loca
251 1097 422 1162 reliqua
457 1099 691 1161 exigamus
713 1134 724 1154 ,
759 1097 926 1162 quibus
972 1097 1032 1145 de
1072 1099 1268 1148 heroum
1318 1112 1550 1154 armatura

126 1180 278 1209 sermo
308 1171 392 1209 est.
462 1162 534 1209 Ab
580 1165 791 1209 armandi
832 1178 993 1221 more,
1031 1182 1169 1229 quem
1209 1168 1351 1213 ceteri
1389 1186 1550 1234 seque-

124 1226 298 1274 bantur
330 1265 348 1289 ,Ι
390 1227 645 1292 plurimum
696 1229 939 1275 recessisse
985 1228 1267 1296 quibusdam
1304 1232 1391 1280 visi
1436 1245 1546 1283 suut

121 1294 253 1357 Lycii
274 1331 284 1350 ‚
322 1299 400 1358 qui
427 1294 633 1340 Homero
656 1302 772 1340 teste
795 1301 1082 1357 ἀμιτροχίτωνες
1112 1296 1299 1345 fuerunt
1320 1298 1344 1331 5
1360 1337 1370 1354 ‚
1403 1318 1545 1366 quam

123 1358 314 1423 quidem
374 1376 530 1406 vocem
585 1359 647 1404 ita
695 1358 761 1405 illi
827 1360 1198 1424 interpretantur
1218 1400 1229 1420 ‚
1281 1374 1334 1410 ut
1389 1367 1546 1414 thora.

119 1442 196 1471 ces
234 1424 357 1489 Lycii
397 1424 671 1480 habuerint,
708 1423 879 1489 quibus
917 1435 1035 1488 μίτρα
1073 1444 1170 1473 non
1219 1439 1318 1476 erat
1345 1430 1542 1495 subjun-

114 1498 187 1536 cta
225 1491 245 1523 6
267 1527 278 1545 ,
321 1500 398 1536 aut
431 1492 555 1536 idem
603 1491 823 1536 denotare
856 1498 1097 1550 statuunt,
1145 1495 1272 1558 quod
1306 1495 1466 1550 ἄζωστοι
1501 1505 1540 1547 7.

113 1556 253 1614 Quod
287 1554 363 1602 alii
393 1566 553 1602 contra
574 1591 585 1612 ‚
616 1555 911 1601 Eustathium
942 1559 1115 1614 secuti,
1155 1561 1351 1618 rectius,
1388 1573 1439 1609 ut
1471 1566 1542 1613 vi.

112 1620 275 1676 detur,
311 1622 369 1666 de
402 1620 620 1685 peculiari
643 1620 843 1667 thoracis
869 1638 955 1667 usu
985 1622 1287 1686 intelligunt,
1326 1637 1374 1674 ut
1397 1640 1538 1692 μίτραν

112 1686 290 1733 thoraci
327 1701 423 1732 non
447 1723 458 1743 ‚
497 1694 548 1731 ut
584 1687 726 1732 ceteri
756 1723 767 1744 ‚
817 1685 1095 1734 submissam
1119 1726 1130 1745 ,
1167 1688 1251 1735 sed
1303 1710 1533 1745 annexam

110 1750 390 1809 habuerint,
438 1767 553 1817 quae
595 1750 832 1799 thoracem
881 1752 1012 1816 quasi
1042 1754 1335 1804 continuaret
1358 1759 1394 1806 8.
1458 1762 1530 1809 Ita

1455 1844 1534 1874 au-

150 1923 188 1967 1)
214 1923 256 1960 11.
279 1923 350 1967 IV,
374 1925 437 1968 187
460 1930 495 1957 et
515 1925 592 1960 216.
721 1925 758 1965 2)
786 1926 862 1968 Qua
888 1940 966 1964 voce
998 1930 1039 1964 de
1062 1937 1274 1965 armatorum
1295 1931 1430 1977 cingulo
1451 1934 1523 1971 fere

101 1990 236 2023 semper
267 1979 377 2012 utitur
406 1978 524 2015 Po'e'ta.
573 1981 619 2012 At
652 1978 692 2014 Il.
726 1980 794 2024 XI,
820 1984 897 2018 232.
951 1985 1211 2026 Agamemnonis
1233 1987 1403 2031 cingulum
1424 1991 1522 2036 ζώνη

102 2033 252 2076 dicitur,
275 2046 341 2078 quo
368 2035 469 2068 verbo
504 2033 589 2068 alias
625 2035 693 2068 fere
728 2036 825 2077 ζώνη
850 2039 1030 2074 muliebris
1052 2040 1263 2084 designatur.
1311 2042 1390 2079 Vid.
1415 2057 1519 2090 supra

101 2087 141 2122 L.
166 2087 231 2124 111.
255 2100 285 2124 e.
309 2091 339 2124 ό.
387 2116 394 2123 .
418 2091 450 2124 5.
569 2090 606 2132 5)
632 2090 683 2123 De
701 2089 755 2123 his
777 2092 981 2135 paucissima
1010 2095 1143 2128 monuit
1179 2095 1308 2140 Poeta,
1332 2110 1370 2131 ex
1395 2100 1519 2144 quibus

99 2143 191 2177 nihil
213 2143 280 2176 nisi
304 2146 370 2186 τὴν
394 2146 458 2175 τοῦ
477 2144 642 2189 θώρακος
663 2145 780 2187 ζώνην
806 2149 1030 2190 κατέχοντας
1051 2149 1151 2184 fuisse
1175 2151 1330 2185 universe
1345 2152 1520 2188 affirmare

101 2197 205 2241 licet,
229 2206 268 2231 ut
302 2210 340 2231 ex
372 2197 414 2232 11.
447 2198 468 2234 Ι.
500 2210 574 2232 mox
599 2199 657 2232 cit.
681 2198 836 2232 observat
864 2202 974 2246 Ap-ntl.
998 2204 1075 2240 Lex.
1099 2205 1132 2237 in
1158 2217 1188 2240 v.
1307 2205 1347 2250 4)
1374 2207 1416 2241 Il.
1444 2208 1514 2251 IV,

99 2254 162 2287 132
185 2264 255 2297 seq.
281 2260 316 2287 et
334 2253 410 2296 XX,
436 2258 503 2288 414
521 2266 590 2299 seq.
626 2254 691 2289 Sed
705 2255 757 2288 vel
774 2258 821 2288 sie
840 2263 950 2290 tamen
971 2270 1030 2302 per
1056 2261 1268 2293 munimenta
1289 2272 1329 2294 ea
1351 2262 1385 2294 in
1404 2270 1520 2296 cutem

96 2305 279 2351 aliquando
297 2309 441 2351 sagittae
469 2317 703 2352 penetrarunt-
750 2308 828 2345 Vm.
852 2309 893 2346 L.
916 2311 962 2356 V,
986 2313 1053 2358 559
1070 2341 1079 2357 ,
1104 2316 1168 2348 615
1196 2327 1268 2360 seq.
1293 2315 1414 2361 XVII,
1439 2320 1517 2362 519.

98 2360 144 2394 XI
162 2388 170 2402 ,
193 2362 258 2395 252
274 2373 367 2407 seqq.
470 2365 508 2405 5)
537 2363 615 2398 vid.
640 2363 682 2398 Il.
712 2363 810 2405 XVI,
836 2366 910 2409 419.
1010 2368 1048 2410 6)
1076 2368 1128 2402 Ita
1146 2368 1255 2413 Heyn.
1277 2377 1313 2403 et
1336 2369 1448 2416 Ktipp.
1472 2371 1514 2404 ad

95 2414 128 2449 Il
155 2413 176 2448 1.
193 2415 215 2450 Ι.
234 2427 295 2450 nec
318 2429 383 2450 non
404 2417 438 2453 J.
458 2418 500 2453 H.
524 2417 618 2453 Voss.
645 2418 679 2451 in
704 2431 764 2452 sua
793 2419 836 2452 ΙΙ.
857 2432 905 2456 vs.
930 2421 952 2456 l.
986 2423 1141 2456 versione
1165 2423 1286 2459 Germ.
1404 2425 1441 2470 7)
1466 2423 1514 2459 Ut

94 2468 266 2504 Athenaei
292 2472 348 2516 (L.
368 2472 447 2506 XM.
471 2486 501 2518 p.
521 2475 596 2508 525.
624 2473 688 2516 D.)
715 2475 918 2509 auctoritate
938 2475 1034 2510 nixus
1050 2476 1174 2514 Feith.
1194 2478 1312 2522 Antiq.
1334 2477 1434 2514 Hom.
1449 2480 1513 2518 Ed,

96 2523 192 2558 Stub.
218 2536 248 2568 p.
276 2538 318 2562 m.
341 2529 419 2562 464.
443 2527 593 2561 Domina
621 2527 758 2563 Dacier.
781 2530 906 2563 vertit:
931 2529 990 2564 des
1010 2543 1111 2575 gens,
1134 2531 1193 2576 qui
1220 2540 1280 2565 ont
1304 2533 1415 2577 quitte'
1440 2534 1516 2568 leur

89 2579 240 2612 mirasse
262 2591 346 2624 pour
372 2582 486 2615 micux
509 2583 589 2618 fuir.
685 2584 722 2626 ἐὴ)
748 2582 786 2616 In
812 2596 914 2628 quam
935 2586 1139 2619 sententiam
1162 2587 1288 2620 abeunt
1307 2586 1442 2623 Ernest.
1471 2590 1515 2624 ad

90 2630 135 2666 11.
157 2632 260 2678 XVI,
280 2637 358 2680 419.
403 2636 529 2671 Damm
545 2665 554 2680 ,
579 2638 693 2673 Lexic.
719 2637 860 2674 Homer.
881 2638 917 2672 in
939 2650 970 2675 V.
993 2639 1112 2685 Kzipke
1137 2640 1198 2685 Op.
1221 2641 1244 2676 l.
1264 2653 1295 2688 p.
1319 2644 1383 2677 104
1401 2656 1475 2690 seq.

1101 2693 1125 2727 S
1148 2707 1171 2729 2
