1780 3120
606 133 1201 219 HoMERICAss
1514 166 1591 235 ‘49

301 291 422 368 Ἂμφί
452 338 463 349 .
500 338 512 349 .
550 335 560 346 .
595 298 638 348 oe
662 303 793 364 Τρωαῖ
817 303 878 345 καὶ
905 298 1131 361 Δαρδανίδες
1157 300 1381 355 βαθύκολπαι

314 371 576 424 Rideo-oum,
614 371 746 419 νύκτας
773 385 811 411 τε
841 369 903 410 καὶ
928 364 1057 426 ἤματα
1083 365 1354 424 δακρυχέουσαι
1379 376 1414 411 ¹.

171 435 272 484 Nec
312 442 469 480 tamen
507 449 600 478 una
633 435 793 478 omnes
823 427 1025 474 lamenta
1072 426 1287 476 edebant.
1364 429 1438 474 Ex
1468 432 1593 481 certa

174 517 340 548 norma
364 498 530 545 ceteris
546 514 665 543 unus
692 494 900 562 praeibat
915 532 926 549 ‚
962 510 1099 559 quem
1121 502 1378 539 cessantem
1401 493 1593 559 reliqui,

174 566 304 613 chori
345 564 513 620 instar,
560 564 840 627 exciperent.
908 561 972 605 Ita
1014 576 1099 624 per
1144 558 1382 605 intervalla
1423 568 1469 605 et
1490 569 1596 625 post

173 634 335 695 ἐξάρχου
383 628 588 675 lamenta
637 646 662 674 a
710 626 874 674 ceteris
922 625 1074 671 luctus
1124 623 1404 671 excitabatur
1426 637 1462 671 2.
1533 626 1593 672 In

173 695 395 743 Hectorei
441 711 486 740 v.
517 711 558 741 c.
603 691 837 740 cadaveris
874 690 1002 737 luctu
1046 688 1224 736 solenni
1270 693 1399 738 ἀοιδῶν
1446 694 1595 753 θρήνούς

174 759 549 812 Andromache5‚
598 767 697 804 tum
742 756 989 813 Hecubae,
1040 754 1247 801 Helenae
1289 754 1490 821 denique
1533 753 1599 804 la'-

175 826 345 873 crimae
394 831 676 888 sequuntur,
725 838 841 888 quae
886 828 1121 867 matronae
1165 819 1369 884 singulae
1413 820 1601 886 propria

176 900 223 937 et
255 890 436 937 solenni
469 905 582 934 voce
612 887 833 934 dicuntur
859 890 993 950 ἄρχειν
1028 902 1108 932 seu
1143 887 1314 948 ἐξάρχειν
1347 896 1465 950 γόοιο,
1498 887 1602 987 {ui-

174 956 356 1022 busque
385 955 535 1001 omnis
568 953 879 1018 praesentium
906 952 1159 1016 frequentia
1188 959 1487 1014 ἐπιστενάχενται
1533 988 1544 999 .

237 1021 278 1083 §.
316 1020 362 1068 6.
427 1019 503 1066 Ad
539 1018 701 1065 fletum
747 1027 794 1064 et
825 1017 1205 1064 lamentationem
1248 1017 1333 1064 alia
1362 1017 1602 1082 complura

177 1086 349 1133 doloris
391 1086 519 1148 signa
565 1083 866 1130 accedebant.
944 1084 1002 1128 In
1046 1082 1217 1147 quibus
1261 1085 1565 1149 praecipuum
1592 1121 1606 1143 ‚

177 1150 301 1215 quod
346 1167 550 1206 comam,
586 1151 638 1195 in
675 1150 747 1195 sui
776 1149 1049 1194 memoriam
1086 1157 1371 1194 mortuorum
1415 1150 1602 1213 corpori

179 1215 508 1280 injiciendam,
544 1214 633 1260 sibi
660 1213 911 1260 demebant
932 1214 970 1259 4.
1039 1214 1352 1260 Terrestrium
1376 1215 1500 1261 enim
1529 1231 1603 1260 re-

175 1281 472 1328 miniscentia
507 1281 657 1326 omnis
687 1281 783 1325 fere
812 1287 996 1326 constat
1025 1277 1355 1326 defunctorum
1379 1280 1598 1337 felicitas,

170 1347 261 1412 -qui
291 1347 352 1391 ita
378 1344 628 1391 secundam
652 1345 780 1408 quasi
810 1344 954 1390 vitam
981 1345 1190 1389 viverent
1212 1345 1250 1393 5,
1317 1346 1468 1404 Quem
1492 1343 1611 1391 dixi-

181 1428 288 1460 mus
317 1413 461 1457 ritum
487 1409 538 1455 in
567 1408 762 1457 Achillis
791 1414 959 1472 προθέσει
980 1408 1286 1456 observarunt
1312 1411 1502 1459 Achivi:

315 1507 768 1525 ..........
802 1478 921 1520 mm<
948 1476 988 1519 δέ
1015 1473 1052 1520 σ’
1081 1481 1196 1538 άμφῖς

311 1543 471 1602 Δοίκρυα
498 1545 619 1600 θερμαὶ
647 1548 731 1603 χέον
760 1543 922 1596 Δαναοὶ,
958 1547 1116 1602 κείρςντὸ
1143 1560 1182 1586 τε
1212 1547 1348 1603 χαίτας
1372 1541 1408 1587 6.

183 1613 230 1653 et
258 1605 310 1652 in
345 1604 548 1651 Patrocli
576 1604 739 1652 funere
771 1604 1084 1668 Myrmidones
1106 1641 1117 1662 ,
1151 1608 1232 1670 qui

312 1674 427 1733 Θριξί
455 1673 576 1717 πάντα
614 1680 718 1717 νέκυν
747 1678 955 1717 καταείνυον
974 1707 986 1729 ,
1020 1673 1066 1724 ἅς
1085 1675 1289 1730 ἐπέβαλλόν

311 1740 525 1800 Κειρέμενσι
550 1747 588 1782 7.
1534 1799 1536 1803 V

1523 1805 1616 1857 Ce-

231 1893 268 1951 1)
293 1905 335 1942 11.
366 1899 506 1949 xvn1‚'
531 1906 596 1950 359
617 1917 689 1950 seq.
826 1905 865 1948 η)
892 1905 945 1943 cf.
981 1907 1094 1952 neyn.
1125 1916 1161 1943 et
1189 1908 1299 1956 Kapp.
1335 1911 1378 1945 aa
1407 1911 1450 1949 11.
1479 1916 1611 1964 xle,

187 1973 251 2008 719
274 1972 370 2006 seqq·
488 1958 527 2004 3)
553 1959 632 1995 vid.
657 1959 700 1995 ΙΙ.
719 1959 757 1995 L.
779 1958 804 1995 l.
830 1972 875 1996 vs.
897 1963 984 2007 746,
1009 1965 1096 2008 760,
1119 1966 1197 2009 776.
1246 1963 1299 2001 Cf.
1321 1978 1407 2012 quae
1429 1968 1468 2005 de
1487 1972 1614 2007 Achil..

182 2014 227 2049 lis
248 2022 284 2049 et
314 2013 523 2048 Achivorum
546 2014 640 2048 luctu
672 2014 708 2047 in
740 2013 892 2049 Patrocli
919 2028 998 2050 nece
1035 2018 1180 2052 excitato
1211 2017 1371 2063 leguntur<
1401 2022 1446 2058 11.
1472 2025 1591 2062 XVIII

183 2069 252 2105 51'4
272 2080 344 2114 seq.
372 2075 408 2102 et
436 2067 533 2104 alibi.
652 2067 690 2111 4)
717 2067 857 2102 Comam
895 2069 999 2112 igitur
1017 2099 1026 2116 ‚
1060 2071 1173 2117 inquit
1197 2073 1348 2112 Nitzsch.
1382 2077 1423 2111 ad
1447 2078 1513 2117 Od.
1533 2056 1614 2128 lv:

186 2125 250 2169 195
275 2135 366 2168 seqq.
383 2151 392 2166 ‚
417 2134 485 2156 non
507 2123 543 2156 in
561 2124 655 2156 omni
685 2123 824 2156 omnino
853 2123 1050 2159 calamitate
1069 2154 1078 2170 ,
1113 2133 1151 2160 at
1173 2128 1208 2161 in
1232 2137 1369 2163 mortuo
1394 2138 1527 2168 tantum
1552 2135 1614 2170 lu-

184 2177 314 2223 gendo,
339 2177 406 2211 sibi
430 2176 597 2211 abradere
626 2176 801 2220 solebant,
825 2178 913 2222 quod
938 2186 978 2212 ut
1007 2180 1129 2224 probet
1161 2182 1247 2216 citat
1278 2183 1340 2220 Od.
1359 2184 1399 2220 L.
1422 2185 1447 2222 l.
1472 2199 1521 2222 vs.
1545 2192 1614 2236 539

187 2244 258 2277 seq.
291 2230 333 2266 11.
355 2229 471 2274 XXII,
495 2233 556 2275 53,
582 2244 634 2277 77.
670 2239 705 2265 et
740 2230 847 2264 XXIV
865 2259 874 2276 ,
899 2235 978 2268 640.
1027 2234 1080 2269 Cf.
1103 2235 1193 2281 inpr.
1217 2237 1261 2273 Il.
1279 2238 1414 2279 XXIII,
1440 2237 1517 2279 151.
1563 2242 1611 2279 At

184 2286 352 2321 radicitus
379 2292 495 2319 tamen
513 2285 623 2319 crines
643 2284 710 2319 sibi
737 2286 861 2320 evulsit
895 2289 1130 2332 Agamemnon
1153 2304 1230 2325 cum
1264 2292 1432 2336 Trojanos
1459 2295 1615 2330 Achivo-

188 2352 266 2374 rum
291 2339 413 2374 castris
438 2340 657 2374 imminentes
688 2339 824 2374 videret
852 2348 887 2375 et
909 2342 1061 2386 pericula
1093 2345 1163 2379 suis
1192 2342 1270 2380 inde
1293 2348 1427 2382 oritura
1451 2351 1618 2395 cogitaret

187 2393 229 2429 IL
249 2393 319 2433 IX,
346 2396 386 2428 15
406 2406 501 2438 seqq.
529 2394 572 2432 ὡς
593 2396 878 2438 δυσανασχετῶν
904 2399 999 2429 κατὰ
1026 2399 1132 2443 Διὸς,
1156 2400 1270 2445 inquit
1301 2401 1415 2439 Schol.
1438 2404 1477 2439 L.
1497 2405 1539 2439 ad
1567 2406 1613 2441 Il.

188 2446 214 2483 1.
231 2447 255 2483 l.
303 2447 357 2482 Cf.
383 2448 424 2484 11.
446 2448 503 2492 ΙΙ,
530 2462 596 2485 112
617 2461 687 2494 seq.
712 2449 798 2497 ibiq.
816 2450 960 2496 interpr.
1007 2451 1102 2487 Idem
1135 2453 1246 2489 luctus
1274 2455 1407 2500 signum
1429 2457 1612 2496 ediderunt

190 2501 323 2536 inferos
345 2501 476 2537 adituri
495 2503 629 2547 Ulyssis
651 2504 759 2548 socii,
784 2504 906 2549 quihus
932 2508 1295 2552 κατεκλάσθη,φίλον
1315 2504 1418 2555 ἦτορ·
1513 2513 1516 2515 ’

289 2603 293 2607 1
355 2557 538 2599 *Εζόμενο
541 2572 692 2594 .....
720 2562 886 2592 καταῦθι
909 2562 1020 2604 γόων,
1045 2562 1216 2596 τίλλοντό
1243 2577 1285 2597 τε
1298 2566 1446 2607 χαίτας,
1586 2594 1588 2596 .

190 2608 255 2645 Od.
280 2608 308 2644 X
323 2638 331 2654 ,
354 2612 421 2646 566
443 2624 515 2657 seq.
646 2612 685 2656 5)
710 2613 762 2646 De
789 2612 889 2657 hujus
908 2614 1002 2649 effati
1025 2617 1170 2651 veritate
1192 2630 1230 2651 ex
1262 2619 1484 2663 sequentibus
1506 2622 1613 2666 magis

191 2663 294 2696 etiam
328 2664 510 2702 constabit.
575 2665 630 2702 Cf.
665 2666 816 2701 Nitzsch.
849 2668 893 2702 ad
927 2670 990 2713 Ου’,
1019 2670 1094 2715 111,
1125 2674 1191 2706 258
1224 2684 1317 2717 seqq.
1473 2674 1512 2720 6)
1547 2676 1613 2710 Od-

194 2717 325 2764 XXIV,
349 2720 392 2754 45
414 2731 487 2766 seq.
538 2719 591 2758 Cf.
616 2721 679 2757 Od.
704 2719 754 2756 IV
771 2749 780 2767 ‚
807 2735 881 2767 197.
986 2724 1021 2768 7)
1048 2724 1091 2759 11.
1116 2725 1336 2819 XXIII-bi&
1360 2739 1396 2763 se
