1780 3120
546 161 1114 216 HOMERICA.
1438 166 1534 233 349

125 299 304 349 videret
339 296 555 362 princeps
573 331 584 352 ‚
619 312 675 343 ex
701 312 844 361 eaque
870 314 950 342 suo
982 299 1084 361 jure
1109 304 1157 342 et
1187 297 1396 344 omnium
1424 316 1538 345 con·

126 383 266 414 sensu
296 362 384 410 sibi
418 362 665 418 eximeret,
703 378 821 426 quae
852 363 1049 408 maxime
1082 361 1317 426 placerent
1342 374 1376 409 1.
1435 363 1537 409 Hoc

126 443 283 478 tamen
311 431 411 491 jure
448 426 695 490 aliquando
741 426 908 473 abusus
961 437 1029 473 est
1066 431 1384 490 Agamemnon
1407 465 1419 484 ‚
1458 430 1541 492 qui

128 514 186 543 ex
225 493 421 559 praeda,
456 510 596 557 quain
641 491 806 539 Achivi
837 492 998 556 viginti
1048 493 1195 539 tribus
1231 493 1422 540 urbibus
1456 511 1538 540 ex-

129 560 343 628 pugnatis
371 565 589 622 ceperant
607 593 620 613 ‚

318 661 330 673 .
367 659 379 670 .
419 659 431 670 .
466 625 527 669 διὰ
556 632 684 684 παῦρα
712 624 919 669 δασάσκετο
936 659 948 680 ,
983 625 1099 668 mvi&
1133 620 1172 670 δ’
1190 622 1345 684 ἔχεσκεν
1367 634 1404 671 2.

134 693 288 753 Quam
321 688 451 736 ducis
492 687 725 734 avaritiam
748 687 901 733 verbis
923 724 935 744 ‚
972 701 1088 752 quae
1121 688 1258 734 modo
1300 685 1556 753 descripsi-

136 775 242 806 mus
260 794 271 812 ,
315 759 416 821 jure
461 761 506 798 at
532 751 740 798 modeste
770 761 923 797 tamen
954 752 1044 816 ipsi
1069 752 1363 817 exprobravit
1393 752 1552 801 Achil-

138 823 206 870 les
230 823 266 870 5.
336 817 430 867 Sed
460 827 507 863 et
551 817 716 863 ceteris
755 815 954 863 ducibus
992 817 1198 882 virisque
1232 805 1550 882 principibus,

139 904 228 952 pro
255 885 395 932 rebus
421 882 598 929 fortiter
616 880 773 945 gestis,
808 882 1052 945 praecipua
1081 882 1277 947 praedae
1297 902 1399 947 pars
1426 900 1572 949 prae·-

138 952 223 1000 11]ἰί
252 949 355 996 loco
382 947 653 994 donabatur.
721 946 1126 1005 Quemadmodum
1159 948 1219 994 ab
1250 952 1556 1012 Agamemno-

143 1034 204 1065 ne
234 1016 413 1062 factum
445 1021 640 1058 testatur
672 1011 906 1069 Achilles,
941 1014 1053 1076 qui,

260 1079 393 1126 ”Ama
418 1076 454 1124 δ’
470 1115 481 1133 ,
518 1076 696 1142 inquit,
732 1084 949 1139 ἀριστήεσσι
974 1080 1070 1125 δίδου
1088 1086 1180 1141 γέρα
1209 1086 1272 1126 καί
1293 1083 1493 1140 βασιλεῦσι
1513 1079 1553 1129 4.

144 1148 216 1196 Eo
238 1139 428 1193 nomine
460 1142 629 1190 Nestor
653 1142 952 1189 Hecameden
981 1142 1193 1202 abstulit,

275 1240 929 1261 ..............
964 1212 1008 1263 ἤν
1032 1218 1062 1256 οἱ
1089 1208 1236 1272 Ἀχαιοὶ

265 1276 429 1330 ’Έξελον
447 1313 458 1333 ,
491 1276 619 1320 οὕνεκα
646 1275 763 1336 ficol-¹7]
789 1279 1047 1336 ἀριστεύεσκεν
1079 1283 1252 1323 ἁπάντων
1273 1277 1313 1325 5.

149 1351 198 1390 et
223 1341 481 1389 Briseidem
510 1337 739 1397 Achilles,
775 1342 906 1406 cujus
943 1338 1065 1388 filius
1099 1341 1432 1408 Neoptolemus
1457 1350 1562 1409 post

153 1407 383 1473 direptam
414 1406 602 1470 Trojam

284 1477 432 1534 Μεῖραν
456 1477 519 1517 καὶ
548 1478 657 1533 γέρας
684 1475 809 1518 ἐσῦλέυ
826 1470 928 1534 ’ἔχων
960 1477 1020 1520 ε’πῖ
1045 1479 1124 1528 νηὸς
1149 1473 1297 1532 ἔβαινεν
1319 1475 1357 1522 6.

155 1530 285 1586 Haec
316 1537 489 1602 aliaque
521 1536 746 1601 ejusmodi
775 1539 954 1585 virtutis
978 1541 1181 1601 praemia
1213 1542 1400 1588 suerunt
1420 1579 1431 1599 ‚
1469 1539 1571 1604 qui-

155 1605 245 1652 bus
285 1602 426 1650 duces
472 1619 662 1648 suorum
711 1603 888 1650 animos
931 1605 989 1649 ad
1036 1604 1360 1653 fortitudinem
1407 1607 1573 1653 incita-

155 1671 273 1719 bant
294 1668 331 1713 7.
397 1668 648 1713 Hectorem
691 1683 761 1713 ex.
800 1686 867 1731 gr.
919 1670 1126 1733 cogitetis
1153 1710 1164 1727 ,
1210 1673 1289 1736 qui
1329 1671 1574 1718 dimidiam

159 1733 410 1799 spoliorum
429 1741 611 1796 partem
648 1749 696 1779 se
721 1734 764 1779 ei
791 1737 1008 1781 (laturum
1027 1736 1295 1799 pollicetur,
1331 1740 1411 1802 qui
1430 1736 1573 1784 Achi-

158 1816 324 1847 vorum
381 1796 594 1843 manibus
640 1798 903 1846 Patroclum
948 1811 1183 1848 mortuum
1239 1803 1482 1867 eripuisset
1516 1801 1572 1847 8:

163 1874 210 1912 et
239 1867 660 1927 Agamemnonem,
695 1865 772 1929 qui
801 1866 1004 1922 Teucr0‚
1041 1877 1093 1913 ut
1122 1868 1209 1931 ipsi
1244 1869 1460 1915 virtutem
1499 1884 1576 1914 re.-

162 1938 378 1977 niuneret
396 1966 407 1987 ,
443 1938 547 1993 post
577 1939 760 1993 captam
787 1930 974 1998 Trojam
996 1933 1173 1996 insigne
1207 1937 1408 1997 npscssn'i'w
1437 1932 1576 1998 pulli-

164 2005 320 2051 cetur,

283 2058 342 2105 ”H
360 2057 520 2121 rpt'rrc3'‚
557 2064 598 2113 ἠὲ
630 2061 704 2106 δύω
732 2067 863 2117 ἵππους
890 2066 1050 2111 αὐταῖσιν
1075 2064 1254 2130 elevem,

296 2124 365 2172 Ἠὲ
391 2123 538 2188 γυναῖχ’
555 2161 566 2182 ,
601 2127 628 2181 ἤ
650 2146 711 2171 κεν
737 2147 787 2174 τοι
808 2134 893 2190 ὁμὸν
917 2133 1022 2191 λέχος
1051 2136 1294 2190 εἰςαναβαινει
1316 2141 1354 2179 9.

215 2273 250 2317 ι)
277 2271 360 2309 vid.
385 2284 416 2309 e.
438 2285 469 2318 g.
502 2272 543 2309 Il.
563 2273 631 2318 XI,
657 2277 733 2320 703.
782 2276 838 2313 Cf.
859 2278 952 2312 dicta
986 2279 1026 2316 L.
1047 2279 1098 2313 ΙΙ.
1132 2291 1163 2318 c.
1186 2293 1239 2317 10.
1273 2283 1304 2327 §-
1325 2281 1360 2317 4.
1476 2280 1515 2324 2)
1541 2280 1583 2318 Il.

169 2327 240 2373 IX,
263 2329 342 2364 533.
481 2328 519 2368 3)
547 2328 600 2364 Cf.
641 2329 684 2363 11.
709 2329 747 2373 1,
775 2334 848 2377 167.
883 2333 939 2378 II,
963 2336 1028 2368 225
1051 2347 1124 2381 seq.
1262 2335 1302 2378 4)
1328 2334 1370 2369 Il·
1400 2335 1485 2380 IX‚-
1503 2339 1584 2374 534.

171 2381 226 2416 cf.
251 2383 277 2416 L
307 2381 357 2419 11.
381 2395 410 2420 e.
433 2385 466 2419 3.
493 2386 524 2429 §-
547 2385 582 2421 4.
624 2388 626 2390 ·
721 2385 760 2428 5)
786 2385 826 2422 11.
851 2387 922 2432 XI,
948 2391 1011 2425 625
1037 2402 1109 2436 seq.
1255 2390 1294 2434 6)
1319 2389 1382 2425 od.
1407 2383 1581 2435 x[,'553.

174 2436 412 2472 Andromache
445 2446 583 2483 accepta
616 2446 656 2472 ut
691 2439 799 2473 refert
833 2441 960 2476 Justin.
996 2443 1115 2490 XVII,
1148 2447 1182 2481 3.
1331 2444 1367 2488 7)
1394 2443 1446 2480 Cf.
1475 2444 1508 2481 h.
1544 2447 1586 2483 L.

173 2501 202 2527 c.
229 2494 284 2528 12.
307 2494 338 2537 ς.
360 2494 396 2527 5.
513 2493 552 2538 ὅ)
578 2492 659 2532 vid.
681 2491 725 2530 Il.
746 2495 864 2542 XVII,
888 2510 954 2544 229
978 2511 1073 2545 seqq.
1176 2499 1213 2545 9)
1238 2498 1280 2536 11.
1301 2497 1407 2543 Vffl,
1431 2511 1497 2544 290
1516 2511 1587 2546 seq.

1490 2773 1602 2822 CA-
