1780 3120
559 140 1135 217 noM'ERICA2
1491 167 1560 229 412

150 305 208 360 In
236 300 400 351 avibus
432 298 723 363 auguralibus
761 296 997 363 principes
1031 303 1139 344 sunt
1177 297 1326 363 aquila
1350 309 1366 332 1
1407 306 1448 343 et
1487 315 1560 345 ar*

153 370 256 417 dea.
331 367 403 413 Ex
433 367 572 427 hujus
601 365 811 428 clangore
838 363 945 409 felix
977 362 1067 411 sibi
1101 365 1342 426 augurium
1378 364 1568 426 capiunt

153 433 345 497 Ulysses
385 440 431 478 et
457 432 706 478 Diomedes
725 468 736 487 ‚
771 432 850 494 qui
876 429 1127 494 quominus
1151 430 1305 496 ipsum
1334 430 1570 493 conspice·

153 507 260 555 rent
284 499 432 545 noctis
457 495 834 562 impediebantur
866 494 1098 541 tenebris:

287 597 697 611 .........
732 566 785 609 τοὶ
822 597 832 608 .
869 596 880 608 .
918 565 1010 609 mun
1040 564 1113 609 ἰ’δον
1132 566 1349 625 ὀφθαλμοῖσι

285 632 424 676 Νύκτα
453 629 499 674 δι’
526 634 721 692 ὀρφναίην,
756 630 856 672 ἀλλὰ
887 629 1111 689 κλάγξαντος
1137 629 1298 675 ἄκουσαν
1319 639 1357 675 2.

160 694 234 741 Ex
266 693 510 758 rapacibus
536 692 789 756 generatim
821 692 980 738 avibus
1011 693 1304 756 potissimum
1329 691 1482 738 omina
1513 709 1586 738 ca-

160 758 407 824 piebantur
421 797 431 814 ,
452 761 619 823 partim
636 797 646 814 ,
666 767 716 803 ut
746 756 931 803 videtur
950 794 960 814 ‚
995 756 1118 820 quod
1147 757 1306 806 altiora
1326 758 1475 805 volatu
1501 774 1580 822 pe-

163 833 314 871 tentes
341 823 476 870 facile
522 823 850 881 observantur,
885 823 1056 886 partim
1098 824 1224 887 quod
1257 824 1390 889 plura
1439 823 1584 870 simul

164 898 211 935 et
239 892 412 952 majora
451 887 588 935 cdere
631 887 804 946 solent,
843 905 959 954 quae
998 906 1187 951 augurio
1230 888 1460 957 capiendo
1503 907 1586 935 an-

167 972 264 1002 sam
291 953 543 1019 praebeant
566 954 600 999 5.

228 1018 268 1082 ξ.
304 1020 350 1081 4.
418 1020 623 1084 Augurio
669 1021 877 1086 proxima
910 1030 980 1066 est
1010 1036 1066 1069 ex
1101 1022 1293 1069 somniis
1332 1020 1589 1080 divinatio,

166 1101 283 1150 quae
324 1086 617 1150 interpretari
660 1095 886 1133 noverant·
931 1091 1154 1147 ὀνειροπόλοι.
1234 1089 1306 1136 Ut
1348 1088 1474 1133 enim
1516 1103 1589 1134 ce-

167 1159 268 1197 tera
295 1150 358 1197 ita
398 1151 576 1197 somnia
616 1169 800 1216 quoque
837 1170 861 1197 a
899 1150 997 1198 Diis
1033 1153 1244 1201 adhiberi
1268 1152 1592 1199 existimaban-

170 1224 276 1271 tur,
311 1215 480 1280 quibus
518 1219 677 1264 am1cis
713 1216 1051 1265 dormientibus
1079 1219 1232 1267 futura
1267 1219 1590 1284 praeciperent

175 1280 248 1327 vel
270 1279 414 1328 dubia
443 1281 758 1346 explicarent:

377 1380 585 1394 .....
620 1354 683 1393 καί
715 1356 790 1412 γάρ
813 1348 845 1395 τ’
863 1349 952 1413 ἔνοιρ
981 1353 1023 1395 ἐκ
1053 1353 1136 1404 Διὲς
1163 1349 1262 1397 ’ἐστιν
1284 1349 1321 1396 4.

174 1409 420 1473 Ejusmodi
452 1410 752 1462 divinationis
787 1414 1051 1477 exemplum
1093 1414 1226 1462 nobis
1259 1415 1468 1480 prodidit
1503 1418 1599 1464 Ho-

174 1493 330 1524 merus
350 1515 361 1535 ‚
396 1475 477 1523 ubi
497 1475 556 1523 de
582 1477 823 1524 anseribus
849 1477 1113 1526 domesticis
1131 1518 1141 1537 ‚
1176 1480 1234 1526 ab
1253 1482 1401 1546 aquila
1431 1482 1601 1529 discer-

177 1542 270 1606 ptis
291 1580 301 1598 ‚
319 1542 834 1606 somn5÷.exp0siti0nen1
850 1543 938 1590 sibi
957 1545 1015 1591 ab
1030 1544 1198 1608 Ulysse
1216 1550 1331 1610 petit
1345 1549 1604 1612 Penelope:

183 1607 308 1671 quod
326 1606 384 1652 de
412 1605 566 1653 futura
587 1625 833 1671 procorum
863 1625 977 1655 nece
1015 1611 1344 1675 interpretatus
1370 1623 1440 1658 est
1467 1617 1604 1661 Laer-

180 1671 328 1728 tiades
349 1672 387 1720 5.
422 1671 628 1720 Achilles
642 1711 653 1733 ‚
677 1684 729 1724 ut
750 1673 994 1726 Phoebeae
1024 1676 1118 1722 irae
1139 1694 1323 1724 causam
1345 1677 1520 1727 ediscat
1534 1717 1547 1740 ‚

380 1773 645 1789 ......
682 1749 814 1801 μάντιν
849 1772 859 1786 .
899 1776 910 1788 .
946 1773 960 1787 .
993 1775 1008 1790 .
1042 1744 1197 1806 ἢὶερῆα

367 1805 429 1850 ”H
458 1810 520 1851 καὶ
547 1810 762 1868 ὀνειροπόλον

186 1865 400 1914 advocari
435 1869 566 1935 jubet
590 1869 626 1916 6.
708 1868 1069 1933 Eurydamantis
1093 1911 1104 1931 ‚
1156 1879 1382 1935 ὀνειροπόλοιο
1422 1885 1609 1940 γέροντος,

186 1931 274 1990 filii
304 1949 329 1978 a
355 1933 587 1980 Diomede
616 1936 754 1981 occisi
789 1936 1011 1982 dicuntur
1031 1976 1042 1994 ‚
1079 1939 1206 2002 quod
1229 1941 1341 2003 ipsis

322 2033 334 2045 .
471 2037 480 2045 .
514 2004 577 2045 οὐκ
602 2006 806 2064 ἐρχομένοις
844 2008 861 2046 ὀ
885 2012 1006 2063 γέρων
1029 2005 1192 2065 ἐκρίνατ’
1212 2012 1360 2068 ὀνείρους
1385 2020 1421 2055 7.

186 2061 327 2122 Quod
360 2063 401 2110 si
431 2064 636 2124 fecisset,
672 2066 788 2113 filios
826 2064 884 2111 ad
920 2066 1095 2114 bellum
1125 2071 1413 2134 profecturos
1449 2072 1507 2119 de
1549 2074 1615 2124 faf

194 2136 242 2174 to
283 2128 534 2176 admonere
565 2140 635 2190 et,
672 2149 732 2179 ne
771 2128 981 2192 abirent,
1025 2134 1201 2183 hortari
1236 2140 1482 2202 potuisset:
1518 2139 1618 2205 qui-2

194 2190 283 2247 bus
300 2193 524 2258 neglectis

540 2298 550 2308 .
587 2282 700 2327 σφεας
722 2268 898 2328 κρατερὸς
930 2269 1120 2327 Διομήδης
1150 2269 1338 2331 ἐξενάριξε
1359 2269 1397 2317 3.

254 2453 291 2498 1)
317 2453 398 2490 Vid.
433 2454 476 2491 Il.
498 2456 610 2504 VIII,
642 2460 721 2505 247.
758 2467 793 2494 et
826 2459 868 2495 ad
895 2459 932 2493 h.
957 2458 982 2496 l.
1015 2460 1126 2508 Heyn.
1175 2463 1229 2500 Cf.
1253 2463 1294 2500 ΙΙ.
1322 2464 1452 2510 XXIV,
1478 2468 1556 2503 514.
1591 2475 1627 2504 et

203 2509 330 2554 passim
351 2509 387 2543 in
406 2509 449 2544 11.
476 2518 511 2545 et
534 2512 598 2549 Od.
717 2513 755 2558 2)
780 2513 824 2550 Il.
849 2515 897 2554 X,
922 2516 987 2560 275
1006 2526 1100 2562 seqq.
1220 2518 1256 2563 3)
1283 2518 1449 2554 Observat
1472 2520 1626 2558 Nitzsch.

203 2562 248 2603 ad
278 2563 413 2610 Od.11,
440 2568 504 2601 146
526 2579 617 2612 seqq.
744 2568 782 2611 4)
809 2569 851 2605 ll.
876 2568 915 2615 I,
938 2571 993 2605 63.
1105 2572 1144 2617 5)
1170 2572 1232 2609 Od.
1261 2573 1356 2618 XIX,
1380 2576 1446 2609 535
1475 2587 1567 2621 seqq.
1594 2584 1629 2611 et

204 2618 273 2652 546
296 2629 389 2664 seqq.
435 2618 487 2655 Cf.
514 2619 666 2657 Nitzsch.
694 2621 736 2655 ad
767 2623 831 2660 Od.
851 2623 909 2663 II,
935 2624 999 2659 146
1024 2636 1116 2672 seqq.
1269 2627 1308 2671 6)
1333 2627 1377 2664 ll.
1402 2628 1442 2675 1,
1466 2631 1512 2666 63
1533 2642 1629 2677 seqqq

211 2669 250 2727 7)
273 2670 318 2706 11.
342 2672 396 2720 V,
421 2674 494 2715 150.
612 2675 650 2721 8)
675 2675 720 2715 Il.
743 2679 784 2715 L.
805 2679 828 2716 1.
853 2689 900 2715 vs,
925 2681 998 2716 151.

1192 2741 1294 2795 C5.
