<?xml version="1.0" encoding="UTF-8"?>
<!DOCTYPE html PUBLIC "-//W3C//DTD XHTML 1.0 Transitional//EN"
    "http://www.w3.org/TR/xhtml1/DTD/xhtml1-transitional.dtd">
<html xmlns="http://www.w3.org/1999/xhtml" xml:lang="en" lang="en">
 <head>
  <title>
</title>
<meta http-equiv="Content-Type" content="text/html;charset=utf-8" />
  <meta name='ocr-system' content='tesseract 3.04.00' />
  <meta name='ocr-capabilities' content='ocr_page ocr_carea ocr_par ocr_line ocrx_word'/>
</head>
<body>
  <div class='ocr_page' id='page_1' title='image "antiquitashomeri00terpuoft_0286.png"; bbox 0 0 1780 3120; ppageno 0'>
   <div class='ocr_carea' id='block_1_1' title="bbox 150 144 1223 211">
    <p class='ocr_par' dir='ltr' id='par_1_1' title="bbox 150 144 1223 211">
     <span class='ocr_line' id='line_1_1' title="bbox 150 144 1223 211; baseline -0.006 -13"><span class='ocrx_word' id='word_1_1' title='bbox 150 149 249 211; x_wconf 75' lang='grc'>242</span> <span class='ocrx_word' id='word_1_2' title='bbox 537 144 1223 204; x_wconf 87' lang='lat' dir='ltr'>ANTIQUITAS</span> 
     </span>
    </p>
   </div>
   <div class='ocr_carea' id='block_1_2' title="bbox 149 275 1601 1724">
    <p class='ocr_par' dir='ltr' id='par_1_2' title="bbox 149 275 1593 1066">
     <span class='ocr_line' id='line_1_2' title="bbox 149 275 1583 346; baseline 0 -17"><span class='ocrx_word' id='word_1_3' title='bbox 149 282 316 345; x_wconf 84' lang='lat' dir='ltr'>Itaque</span> <span class='ocrx_word' id='word_1_4' title='bbox 357 275 610 344; x_wconf 78' lang='lat' dir='ltr'>pendulam</span> <span class='ocrx_word' id='word_1_5' title='bbox 637 276 778 323; x_wconf 88' lang='lat' dir='ltr'>telam</span> <span class='ocrx_word' id='word_1_6' title='bbox 819 275 1050 340; x_wconf 85' lang='lat' dir='ltr'>significat</span> <span class='ocrx_word' id='word_1_7' title='bbox 1091 276 1269 335; x_wconf 71' lang='lat' dir='ltr'>Poeta,</span> <span class='ocrx_word' id='word_1_8' title='bbox 1305 284 1412 324; x_wconf 83' lang='lat' dir='ltr'>ante</span> <span class='ocrx_word' id='word_1_9' title='bbox 1443 297 1583 346; x_wconf 89' lang='lat' dir='ltr'>quam</span> 
     </span>
     <span class='ocr_line' id='line_1_3' title="bbox 153 341 1587 401; baseline 0 -8"><span class='ocrx_word' id='word_1_10' title='bbox 153 346 307 393; x_wconf 79' lang='lat' dir='ltr'>adstat</span> <span class='ocrx_word' id='word_1_11' title='bbox 331 355 349 379; x_wconf 79' lang='lat'>1</span> <span class='ocrx_word' id='word_1_12' title='bbox 380 345 552 390; x_wconf 78' lang='lat' dir='ltr'>textrix</span> <span class='ocrx_word' id='word_1_13' title='bbox 582 341 799 390; x_wconf 85' lang='lat' dir='ltr'>manibus</span> <span class='ocrx_word' id='word_1_14' title='bbox 827 343 1030 388; x_wconf 79' lang='lat' dir='ltr'>extensis</span> <span class='ocrx_word' id='word_1_15' title='bbox 1049 380 1060 401; x_wconf 90' lang='lat'><strong>‚</strong></span> <span class='ocrx_word' id='word_1_16' title='bbox 1096 360 1206 389; x_wconf 90' lang='lat' dir='ltr'>cum</span> <span class='ocrx_word' id='word_1_17' title='bbox 1249 341 1414 392; x_wconf 83' lang='lat' dir='ltr'>dextra</span> <span class='ocrx_word' id='word_1_18' title='bbox 1449 363 1587 393; x_wconf 86' lang='lat' dir='ltr'>cano-</span> 
     </span>
     <span class='ocr_line' id='line_1_4' title="bbox 151 407 1584 473; baseline 0.001 -15"><span class='ocrx_word' id='word_1_19' title='bbox 151 428 266 459; x_wconf 86' lang='lat' dir='ltr'>nem</span> <span class='ocrx_word' id='word_1_20' title='bbox 309 428 348 458; x_wconf 91' lang='lat' dir='ltr'>s.</span> <span class='ocrx_word' id='word_1_21' title='bbox 381 410 610 473; x_wconf 83' lang='lat' dir='ltr'>regulam,</span> <span class='ocrx_word' id='word_1_22' title='bbox 647 415 807 466; x_wconf 75' lang='grc' dir='ltr'><em>κανόνα,</em></span> <span class='ocrx_word' id='word_1_23' title='bbox 853 407 945 454; x_wconf 88' lang='lat' dir='ltr'>filis</span> <span class='ocrx_word' id='word_1_24' title='bbox 987 424 1073 472; x_wconf 87' lang='lat' dir='ltr'>per</span> <span class='ocrx_word' id='word_1_25' title='bbox 1116 408 1312 455; x_wconf 84' lang='lat' dir='ltr'>stamina</span> <span class='ocrx_word' id='word_1_26' title='bbox 1352 409 1584 459; x_wconf 86' lang='lat' dir='ltr'><strong>ducendis</strong></span> 
     </span>
     <span class='ocr_line' id='line_1_5' title="bbox 153 473 1589 538; baseline 0.001 -14"><span class='ocrx_word' id='word_1_27' title='bbox 153 475 537 524; x_wconf 73' lang='lat' dir='ltr'>circumvolutam</span> <span class='ocrx_word' id='word_1_28' title='bbox 555 513 565 533; x_wconf 86' lang='lat'>,</span> <span class='ocrx_word' id='word_1_29' title='bbox 589 473 797 521; x_wconf 77' lang='lat' dir='ltr'>immittit</span> <span class='ocrx_word' id='word_1_30' title='bbox 817 512 828 532; x_wconf 89' lang='lat'>,</span> <span class='ocrx_word' id='word_1_31' title='bbox 863 473 927 519; x_wconf 86' lang='lat' dir='ltr'>ita</span> <span class='ocrx_word' id='word_1_32' title='bbox 952 483 1005 519; x_wconf 86' lang='lat' dir='ltr'>ut</span> <span class='ocrx_word' id='word_1_33' title='bbox 1025 473 1274 538; x_wconf 87' lang='lat' dir='ltr'>panuclam</span> <span class='ocrx_word' id='word_1_34' title='bbox 1292 509 1304 532; x_wconf 87' lang='lat'>,</span> <span class='ocrx_word' id='word_1_35' title='bbox 1338 485 1480 537; x_wconf 75' lang='grc' dir='ltr'><em>πηνίον,</em></span> <span class='ocrx_word' id='word_1_36' title='bbox 1517 478 1589 524; x_wconf 89' lang='lat' dir='ltr'>in-</span> 
     </span>
     <span class='ocr_line' id='line_1_6' title="bbox 156 538 1585 605; baseline 0 -16"><span class='ocrx_word' id='word_1_37' title='bbox 156 553 365 590; x_wconf 81' lang='lat' dir='ltr'>trorsum</span> <span class='ocrx_word' id='word_1_38' title='bbox 402 551 448 588; x_wconf 88' lang='lat' dir='ltr'>et</span> <span class='ocrx_word' id='word_1_39' title='bbox 490 550 750 587; x_wconf 81' lang='lat' dir='ltr'><strong>extrorsum</strong></span> <span class='ocrx_word' id='word_1_40' title='bbox 786 556 871 603; x_wconf 85' lang='lat' dir='ltr'>per</span> <span class='ocrx_word' id='word_1_41' title='bbox 909 538 1088 602; x_wconf 82' lang='lat' dir='ltr'>singula</span> <span class='ocrx_word' id='word_1_42' title='bbox 1130 538 1264 598; x_wconf 81' lang='lat' dir='ltr'>licia,</span> <span class='ocrx_word' id='word_1_43' title='bbox 1299 546 1421 604; x_wconf 65' lang='grc' dir='ltr'>παρὲκ</span> <span class='ocrx_word' id='word_1_44' title='bbox 1452 553 1585 605; x_wconf 80' lang='grc' dir='ltr'><em>μίτον,</em></span> 
     </span>
     <span class='ocr_line' id='line_1_7' title="bbox 154 604 1590 674; baseline -0.001 -19"><span class='ocrx_word' id='word_1_45' title='bbox 154 626 257 658; x_wconf 69' lang='lat' dir='ltr'>non</span> <span class='ocrx_word' id='word_1_46' title='bbox 283 608 510 674; x_wconf 78' lang='lat' dir='ltr'>trajiciat,</span> <span class='ocrx_word' id='word_1_47' title='bbox 541 606 626 653; x_wconf 85' lang='lat' dir='ltr'>sed.</span> <span class='ocrx_word' id='word_1_48' title='bbox 650 604 803 653; x_wconf 85' lang='lat' dir='ltr'>trahat</span> <span class='ocrx_word' id='word_1_49' title='bbox 830 605 1066 651; x_wconf 79' lang='lat' dir='ltr'>sinistram</span> <span class='ocrx_word' id='word_1_50' title='bbox 1091 622 1249 654; x_wconf 82' lang='lat' dir='ltr'>versus</span> <span class='ocrx_word' id='word_1_51' title='bbox 1271 645 1282 666; x_wconf 87' lang='lat'>,</span> <span class='ocrx_word' id='word_1_52' title='bbox 1317 624 1433 673; x_wconf 87' lang='lat' dir='ltr'>quae</span> <span class='ocrx_word' id='word_1_53' title='bbox 1454 617 1590 656; x_wconf 64' lang='grc' dir='ltr'><em>κανόνα</em></span> 
     </span>
     <span class='ocr_line' id='line_1_8' title="bbox 155 670 1589 738; baseline 0 -17"><span class='ocrx_word' id='word_1_54' title='bbox 155 691 267 721; x_wconf 89' lang='lat' dir='ltr'>cum</span> <span class='ocrx_word' id='word_1_55' title='bbox 293 683 411 737; x_wconf 78' lang='grc' dir='ltr'><em>πηνίῳ</em></span> <span class='ocrx_word' id='word_1_56' title='bbox 428 673 647 738; x_wconf 80' lang='lat' dir='ltr'>recipiat,</span> <span class='ocrx_word' id='word_1_57' title='bbox 682 680 734 718; x_wconf 81' lang='lat' dir='ltr'>ut</span> <span class='ocrx_word' id='word_1_58' title='bbox 751 670 1049 718; x_wconf 78' lang='lat' dir='ltr'>dextrorsum</span> <span class='ocrx_word' id='word_1_59' title='bbox 1067 670 1234 718; x_wconf 84' lang='lat' dir='ltr'>eodem</span> <span class='ocrx_word' id='word_1_60' title='bbox 1249 677 1422 720; x_wconf 85' lang='lat' dir='ltr'>iterum</span> <span class='ocrx_word' id='word_1_61' title='bbox 1448 675 1589 721; x_wconf 87' lang='lat' dir='ltr'>modo</span> 
     </span>
     <span class='ocr_line' id='line_1_9' title="bbox 158 736 1590 805; baseline 0 -18"><span class='ocrx_word' id='word_1_62' title='bbox 158 741 348 788; x_wconf 80' lang='lat' dir='ltr'>stamini</span> <span class='ocrx_word' id='word_1_63' title='bbox 373 738 622 786; x_wconf 84' lang='lat' dir='ltr'>subtemen</span> <span class='ocrx_word' id='word_1_64' title='bbox 647 739 854 784; x_wconf 76' lang='lat' dir='ltr'>intexere</span> <span class='ocrx_word' id='word_1_65' title='bbox 884 747 1060 801; x_wconf 76' lang='lat' dir='ltr'>pergat.</span> <span class='ocrx_word' id='word_1_66' title='bbox 1125 736 1266 785; x_wconf 87' lang='lat' dir='ltr'>Varia</span> <span class='ocrx_word' id='word_1_67' title='bbox 1305 750 1437 798; x_wconf 83' lang='lat' dir='ltr'>sunt,</span> <span class='ocrx_word' id='word_1_68' title='bbox 1472 757 1590 805; x_wconf 84' lang='lat' dir='ltr'>quae</span> 
     </span>
     <span class='ocr_line' id='line_1_10' title="bbox 160 802 1593 865; baseline 0 -13"><span class='ocrx_word' id='word_1_69' title='bbox 160 805 224 852; x_wconf 87' lang='lat' dir='ltr'>de</span> <span class='ocrx_word' id='word_1_70' title='bbox 257 806 357 853; x_wconf 93' lang='lat' dir='ltr'>loco</span> <span class='ocrx_word' id='word_1_71' title='bbox 390 804 579 852; x_wconf 83' lang='lat' dir='ltr'>laudato</span> <span class='ocrx_word' id='word_1_72' title='bbox 617 804 796 852; x_wconf 84' lang='lat' dir='ltr'>habent</span> <span class='ocrx_word' id='word_1_73' title='bbox 834 802 1006 865; x_wconf 76' lang='lat' dir='ltr'>singuli</span> <span class='ocrx_word' id='word_1_74' title='bbox 1044 802 1327 852; x_wconf 86' lang='lat' dir='ltr'>Scholiastae</span> <span class='ocrx_word' id='word_1_75' title='bbox 1358 814 1405 852; x_wconf 86' lang='lat' dir='ltr'>et</span> <span class='ocrx_word' id='word_1_76' title='bbox 1436 806 1593 853; x_wconf 88' lang='lat' dir='ltr'>Inter-</span> 
     </span>
     <span class='ocr_line' id='line_1_11' title="bbox 155 867 1593 936; baseline -0.001 -18"><span class='ocrx_word' id='word_1_77' title='bbox 155 880 316 936; x_wconf 83' lang='lat' dir='ltr'>pretes</span> <span class='ocrx_word' id='word_1_78' title='bbox 359 872 659 918; x_wconf 84' lang='lat' dir='ltr'>recentiores.</span> <span class='ocrx_word' id='word_1_79' title='bbox 737 870 893 927; x_wconf 80' lang='lat' dir='ltr'>Quam</span> <span class='ocrx_word' id='word_1_80' title='bbox 943 867 1291 933; x_wconf 79' lang='lat' dir='ltr'>explanavimus</span> <span class='ocrx_word' id='word_1_81' title='bbox 1330 871 1593 930; x_wconf 87' lang='lat' dir='ltr'>rationem,</span> 
     </span>
     <span class='ocr_line' id='line_1_12' title="bbox 158 932 1593 1001; baseline 0 -17"><span class='ocrx_word' id='word_1_82' title='bbox 158 937 298 984; x_wconf 82' lang='lat' dir='ltr'>nobis</span> <span class='ocrx_word' id='word_1_83' title='bbox 328 935 521 1001; x_wconf 86' lang='lat' dir='ltr'>quidem</span> <span class='ocrx_word' id='word_1_84' title='bbox 553 932 838 1001; x_wconf 71' lang='lat' dir='ltr'>probabilior</span> <span class='ocrx_word' id='word_1_85' title='bbox 877 935 976 981; x_wconf 84' lang='lat' dir='ltr'>visa</span> <span class='ocrx_word' id='word_1_86' title='bbox 1016 943 1117 993; x_wconf 85' lang='lat' dir='ltr'>est,</span> <span class='ocrx_word' id='word_1_87' title='bbox 1155 952 1271 1000; x_wconf 87' lang='lat' dir='ltr'>quae</span> <span class='ocrx_word' id='word_1_88' title='bbox 1296 945 1457 983; x_wconf 86' lang='lat' dir='ltr'>utrum</span> <span class='ocrx_word' id='word_1_89' title='bbox 1492 936 1593 984; x_wconf 84' lang='lat' dir='ltr'>aliis</span> 
     </span>
     <span class='ocr_line' id='line_1_13' title="bbox 154 997 1593 1066; baseline 0.001 -17"><span class='ocrx_word' id='word_1_90' title='bbox 154 1003 315 1054; x_wconf 69' lang='lat' dir='ltr'>:verior</span> <span class='ocrx_word' id='word_1_91' title='bbox 339 1002 398 1048; x_wconf 88' lang='lat' dir='ltr'>sit</span> <span class='ocrx_word' id='word_1_92' title='bbox 430 1010 478 1048; x_wconf 86' lang='lat' dir='ltr'>et</span> <span class='ocrx_word' id='word_1_93' title='bbox 511 1001 658 1065; x_wconf 82' lang='lat' dir='ltr'>magis</span> <span class='ocrx_word' id='word_1_94' title='bbox 680 997 950 1064; x_wconf 82' lang='lat' dir='ltr'>probanda,</span> <span class='ocrx_word' id='word_1_95' title='bbox 987 1015 1064 1045; x_wconf 87' lang='lat' dir='ltr'>me</span> <span class='ocrx_word' id='word_1_96' title='bbox 1094 1003 1339 1064; x_wconf 83' lang='lat' dir='ltr'>peritiores</span> <span class='ocrx_word' id='word_1_97' title='bbox 1365 1001 1593 1066; x_wconf 81' lang='lat' dir='ltr'>judicent.</span> 
     </span>
    </p>

    <p class='ocr_par' dir='ltr' id='par_1_3' title="bbox 159 1064 1601 1724">
     <span class='ocr_line' id='line_1_14' title="bbox 224 1064 1599 1132; baseline 0 -19"><span class='ocrx_word' id='word_1_98' title='bbox 224 1069 267 1132; x_wconf 67' lang='grc' dir='ltr'>ξ.</span> <span class='ocrx_word' id='word_1_99' title='bbox 303 1068 351 1129; x_wconf 86' lang='grc'>4.</span> <span class='ocrx_word' id='word_1_100' title='bbox 409 1066 573 1126; x_wconf 84' lang='lat' dir='ltr'>Varia,</span> <span class='ocrx_word' id='word_1_101' title='bbox 602 1074 655 1112; x_wconf 85' lang='lat' dir='ltr'>ut</span> <span class='ocrx_word' id='word_1_102' title='bbox 681 1065 897 1112; x_wconf 85' lang='lat' dir='ltr'>universe</span> <span class='ocrx_word' id='word_1_103' title='bbox 924 1064 1105 1122; x_wconf 76' lang='lat' dir='ltr'>dicam,</span> <span class='ocrx_word' id='word_1_104' title='bbox 1130 1065 1409 1113; x_wconf 86' lang='lat' dir='ltr'>famularum</span> <span class='ocrx_word' id='word_1_105' title='bbox 1429 1083 1599 1130; x_wconf 32' lang='lat' dir='ltr'>munem*</span> 
     </span>
     <span class='ocr_line' id='line_1_15' title="bbox 159 1131 1597 1197; baseline -0.004 -14"><span class='ocrx_word' id='word_1_106' title='bbox 159 1152 215 1184; x_wconf 88' lang='lat' dir='ltr'>:ra</span> <span class='ocrx_word' id='word_1_107' title='bbox 248 1134 467 1193; x_wconf 86' lang='lat' dir='ltr'>fuerunt,</span> <span class='ocrx_word' id='word_1_108' title='bbox 504 1132 660 1180; x_wconf 84' lang='lat' dir='ltr'>onmia</span> <span class='ocrx_word' id='word_1_109' title='bbox 692 1131 885 1178; x_wconf 82' lang='lat' dir='ltr'>omnino</span> <span class='ocrx_word' id='word_1_110' title='bbox 915 1131 1205 1192; x_wconf 82' lang='lat' dir='ltr'>curantium,</span> <span class='ocrx_word' id='word_1_111' title='bbox 1240 1150 1358 1197; x_wconf 88' lang='lat' dir='ltr'>quae</span> <span class='ocrx_word' id='word_1_112' title='bbox 1383 1150 1483 1180; x_wconf 86' lang='lat' dir='ltr'>rem</span> <span class='ocrx_word' id='word_1_113' title='bbox 1511 1131 1597 1178; x_wconf 86' lang='lat' dir='ltr'>do-</span> 
     </span>
     <span class='ocr_line' id='line_1_16' title="bbox 159 1197 1599 1264; baseline -0.001 -18"><span class='ocrx_word' id='word_1_114' title='bbox 159 1201 408 1249; x_wconf 82' lang='lat' dir='ltr'>mesticam</span> <span class='ocrx_word' id='word_1_115' title='bbox 430 1197 721 1264; x_wconf 85' lang='lat' dir='ltr'>spectabant.</span> <span class='ocrx_word' id='word_1_116' title='bbox 791 1197 900 1245; x_wconf 89' lang='lat' dir='ltr'>Non</span> <span class='ocrx_word' id='word_1_117' title='bbox 920 1213 1029 1244; x_wconf 88' lang='lat' dir='ltr'>vero</span> <span class='ocrx_word' id='word_1_118' title='bbox 1058 1197 1122 1244; x_wconf 83' lang='lat' dir='ltr'>ita</span> <span class='ocrx_word' id='word_1_119' title='bbox 1152 1197 1267 1244; x_wconf 86' lang='lat' dir='ltr'>haec</span> <span class='ocrx_word' id='word_1_120' title='bbox 1293 1216 1488 1245; x_wconf 90' lang='lat' dir='ltr'>munera</span> <span class='ocrx_word' id='word_1_121' title='bbox 1518 1197 1599 1245; x_wconf 88' lang='lat' dir='ltr'>de-</span> 
     </span>
     <span class='ocr_line' id='line_1_17' title="bbox 160 1264 1598 1333; baseline -0.001 -20"><span class='ocrx_word' id='word_1_122' title='bbox 160 1267 298 1314; x_wconf 86' lang='lat' dir='ltr'>finita</span> <span class='ocrx_word' id='word_1_123' title='bbox 327 1274 373 1312; x_wconf 89' lang='lat' dir='ltr'>et</span> <span class='ocrx_word' id='word_1_124' title='bbox 407 1270 620 1333; x_wconf 86' lang='lat' dir='ltr'>sejuncta</span> <span class='ocrx_word' id='word_1_125' title='bbox 651 1272 815 1319; x_wconf 86' lang='lat' dir='ltr'>erant,</span> <span class='ocrx_word' id='word_1_126' title='bbox 858 1271 912 1310; x_wconf 88' lang='lat' dir='ltr'>ut</span> <span class='ocrx_word' id='word_1_127' title='bbox 947 1279 1083 1310; x_wconf 89' lang='lat' dir='ltr'>suum</span> <span class='ocrx_word' id='word_1_128' title='bbox 1120 1264 1287 1325; x_wconf 86' lang='lat' dir='ltr'>cuique</span> <span class='ocrx_word' id='word_1_129' title='bbox 1328 1266 1598 1331; x_wconf 83' lang='lat' dir='ltr'>injunctum</span> 
     </span>
     <span class='ocr_line' id='line_1_18' title="bbox 159 1327 1597 1397; baseline -0.002 -18"><span class='ocrx_word' id='word_1_130' title='bbox 159 1341 211 1379; x_wconf 84' lang='lat' dir='ltr'>et</span> <span class='ocrx_word' id='word_1_131' title='bbox 245 1331 491 1397; x_wconf 86' lang='lat' dir='ltr'>proprium</span> <span class='ocrx_word' id='word_1_132' title='bbox 518 1337 664 1377; x_wconf 83' lang='lat' dir='ltr'>esset:</span> <span class='ocrx_word' id='word_1_133' title='bbox 703 1327 847 1377; x_wconf 83' lang='lat' dir='ltr'>modo</span> <span class='ocrx_word' id='word_1_134' title='bbox 870 1327 974 1387; x_wconf 85' lang='lat' dir='ltr'>his,</span> <span class='ocrx_word' id='word_1_135' title='bbox 1013 1328 1154 1376; x_wconf 79' lang='lat' dir='ltr'>modo</span> <span class='ocrx_word' id='word_1_136' title='bbox 1176 1330 1276 1377; x_wconf 83' lang='lat' dir='ltr'>aliis</span> <span class='ocrx_word' id='word_1_137' title='bbox 1305 1330 1597 1394; x_wconf 79' lang='lat' dir='ltr'>funguntur,</span> 
     </span>
     <span class='ocr_line' id='line_1_19' title="bbox 161 1394 1599 1464; baseline -0.001 -19"><span class='ocrx_word' id='word_1_138' title='bbox 161 1405 308 1464; x_wconf 76' lang='lat' dir='ltr'>prout</span> <span class='ocrx_word' id='word_1_139' title='bbox 337 1415 411 1443; x_wconf 83' lang='lat' dir='ltr'>res</span> <span class='ocrx_word' id='word_1_140' title='bbox 441 1397 544 1462; x_wconf 86' lang='lat' dir='ltr'>ipsa</span> <span class='ocrx_word' id='word_1_141' title='bbox 584 1394 766 1442; x_wconf 86' lang='lat' dir='ltr'>ferebat</span> <span class='ocrx_word' id='word_1_142' title='bbox 787 1406 825 1443; x_wconf 75' lang='lat'>2.</span> <span class='ocrx_word' id='word_1_143' title='bbox 904 1395 1124 1441; x_wconf 84' lang='lat' dir='ltr'>Juniores</span> <span class='ocrx_word' id='word_1_144' title='bbox 1169 1404 1326 1443; x_wconf 86' lang='lat' dir='ltr'>tamen</span> <span class='ocrx_word' id='word_1_145' title='bbox 1363 1396 1599 1461; x_wconf 84' lang='lat' dir='ltr'>graviora,</span> 
     </span>
     <span class='ocr_line' id='line_1_20' title="bbox 163 1459 1601 1528; baseline -0.003 -18"><span class='ocrx_word' id='word_1_146' title='bbox 163 1473 219 1512; x_wconf 84' lang='lat' dir='ltr'>ut</span> <span class='ocrx_word' id='word_1_147' title='bbox 267 1463 494 1528; x_wconf 87' lang='lat' dir='ltr'>suspicari</span> <span class='ocrx_word' id='word_1_148' title='bbox 534 1462 668 1522; x_wconf 85' lang='lat' dir='ltr'>licet,</span> <span class='ocrx_word' id='word_1_149' title='bbox 702 1478 812 1508; x_wconf 86' lang='lat' dir='ltr'>cum</span> <span class='ocrx_word' id='word_1_150' title='bbox 859 1459 991 1507; x_wconf 85' lang='lat' dir='ltr'>domi</span> <span class='ocrx_word' id='word_1_151' title='bbox 1028 1469 1128 1507; x_wconf 88' lang='lat' dir='ltr'>tum</span> <span class='ocrx_word' id='word_1_152' title='bbox 1160 1462 1272 1510; x_wconf 87' lang='lat' dir='ltr'>foris</span> <span class='ocrx_word' id='word_1_153' title='bbox 1311 1479 1452 1527; x_wconf 85' lang='lat' dir='ltr'>opera</span> <span class='ocrx_word' id='word_1_154' title='bbox 1498 1478 1601 1525; x_wconf 71' lang='lat' dir='ltr'>age.</span> 
     </span>
     <span class='ocr_line' id='line_1_21' title="bbox 163 1525 1600 1578; baseline -0.001 -2"><span class='ocrx_word' id='word_1_155' title='bbox 163 1528 303 1578; x_wconf 61' lang='lat' dir='ltr'>liant:</span> <span class='ocrx_word' id='word_1_156' title='bbox 339 1529 544 1575; x_wconf 86' lang='lat' dir='ltr'>seniores</span> <span class='ocrx_word' id='word_1_157' title='bbox 571 1536 735 1574; x_wconf 85' lang='lat' dir='ltr'>contra</span> <span class='ocrx_word' id='word_1_158' title='bbox 777 1525 1030 1572; x_wconf 84' lang='lat' dir='ltr'>infantium</span> <span class='ocrx_word' id='word_1_159' title='bbox 1069 1527 1167 1573; x_wconf 86' lang='lat' dir='ltr'>fere</span> <span class='ocrx_word' id='word_1_160' title='bbox 1207 1529 1416 1575; x_wconf 88' lang='lat' dir='ltr'>nutrices</span> <span class='ocrx_word' id='word_1_161' title='bbox 1450 1527 1600 1574; x_wconf 85' lang='lat' dir='ltr'>habe-</span> 
     </span>
     <span class='ocr_line' id='line_1_22' title="bbox 167 1591 1600 1658; baseline -0.001 -16"><span class='ocrx_word' id='word_1_162' title='bbox 167 1594 365 1655; x_wconf 78' lang='lat' dir='ltr'>bantur,</span> <span class='ocrx_word' id='word_1_163' title='bbox 400 1603 454 1641; x_wconf 84' lang='lat' dir='ltr'>ut</span> <span class='ocrx_word' id='word_1_164' title='bbox 492 1592 722 1658; x_wconf 79' lang='lat' dir='ltr'>Euryclea</span> <span class='ocrx_word' id='word_1_165' title='bbox 756 1592 940 1654; x_wconf 84' lang='lat' dir='ltr'>Ulyssis</span> <span class='ocrx_word' id='word_1_166' title='bbox 964 1591 1008 1649; x_wconf 81' lang='grc'>5,</span> <span class='ocrx_word' id='word_1_167' title='bbox 1044 1608 1163 1655; x_wconf 86' lang='lat' dir='ltr'>quae</span> <span class='ocrx_word' id='word_1_168' title='bbox 1197 1594 1290 1640; x_wconf 85' lang='lat' dir='ltr'>fide</span> <span class='ocrx_word' id='word_1_169' title='bbox 1331 1603 1378 1639; x_wconf 88' lang='lat' dir='ltr'>et</span> <span class='ocrx_word' id='word_1_170' title='bbox 1418 1593 1600 1641; x_wconf 86' lang='lat' dir='ltr'>domini</span> 
     </span>
     <span class='ocr_line' id='line_1_23' title="bbox 169 1656 1595 1724; baseline -0.002 -15"><span class='ocrx_word' id='word_1_171' title='bbox 169 1677 330 1709; x_wconf 84' lang='lat' dir='ltr'>amore</span> <span class='ocrx_word' id='word_1_172' title='bbox 365 1658 586 1709; x_wconf 84' lang='lat' dir='ltr'>omnibus</span> <span class='ocrx_word' id='word_1_173' title='bbox 623 1656 839 1711; x_wconf 76' lang='lat' dir='ltr'>excelluit</span> <span class='ocrx_word' id='word_1_174' title='bbox 861 1657 914 1717; x_wconf 71' lang='lat'>4,</span> <span class='ocrx_word' id='word_1_175' title='bbox 949 1673 1043 1724; x_wconf 85' lang='lat' dir='ltr'>quo</span> <span class='ocrx_word' id='word_1_176' title='bbox 1065 1657 1207 1707; x_wconf 78' lang='lat' dir='ltr'>fiebat</span> <span class='ocrx_word' id='word_1_177' title='bbox 1250 1667 1305 1706; x_wconf 86' lang='lat' dir='ltr'>ut</span> <span class='ocrx_word' id='word_1_178' title='bbox 1335 1667 1595 1709; x_wconf 82' lang='lat' dir='ltr'>ceterarum</span> 
     </span>
    </p>
   </div>
   <div class='ocr_carea' id='block_1_3' title="bbox 1519 1747 1602 1772">
    <p class='ocr_par' dir='ltr' id='par_1_4' title="bbox 1519 1747 1602 1772">
     <span class='ocr_line' id='line_1_24' title="bbox 1519 1747 1602 1772; baseline -0.024 0"><span class='ocrx_word' id='word_1_179' title='bbox 1519 1747 1602 1772; x_wconf 73' lang='grc' dir='ltr'>σκΟ·</span> 
     </span>
    </p>
   </div>
   <div class='ocr_carea' id='block_1_4' title="bbox 163 1825 1602 2751">
    <p class='ocr_par' dir='ltr' id='par_1_5' title="bbox 166 1825 1602 2040">
     <span class='ocr_line' id='line_1_25' title="bbox 166 1825 1602 1876; baseline -0.001 -12"><span class='ocrx_word' id='word_1_180' title='bbox 166 1831 322 1876; x_wconf 77' lang='lat' dir='ltr'>Inter-pr.</span> <span class='ocrx_word' id='word_1_181' title='bbox 345 1837 380 1864; x_wconf 81' lang='lat' dir='ltr'>et</span> <span class='ocrx_word' id='word_1_182' title='bbox 403 1828 562 1863; x_wconf 85' lang='lat' dir='ltr'>Gramm.</span> <span class='ocrx_word' id='word_1_183' title='bbox 606 1826 662 1861; x_wconf 85' lang='lat' dir='ltr'>De</span> <span class='ocrx_word' id='word_1_184' title='bbox 691 1827 830 1862; x_wconf 80' lang='lat' dir='ltr'>texendi</span> <span class='ocrx_word' id='word_1_185' title='bbox 858 1833 933 1861; x_wconf 81' lang='lat' dir='ltr'>arte</span> <span class='ocrx_word' id='word_1_186' title='bbox 965 1825 1034 1860; x_wconf 82' lang='lat' dir='ltr'>vid.</span> <span class='ocrx_word' id='word_1_187' title='bbox 1061 1825 1224 1872; x_wconf 85' lang='lat' dir='ltr'>inprimis</span> <span class='ocrx_word' id='word_1_188' title='bbox 1250 1826 1450 1864; x_wconf 83' lang='lat' dir='ltr'>Schneider.</span> <span class='ocrx_word' id='word_1_189' title='bbox 1476 1829 1512 1862; x_wconf 90' lang='lat' dir='ltr'>in</span> <span class='ocrx_word' id='word_1_190' title='bbox 1537 1827 1602 1862; x_wconf 85' lang='lat' dir='ltr'>In-</span> 
     </span>
     <span class='ocr_line' id='line_1_26' title="bbox 170 1881 1599 1931; baseline -0.001 -13"><span class='ocrx_word' id='word_1_191' title='bbox 170 1885 248 1918; x_wconf 85' lang='lat' dir='ltr'>dice</span> <span class='ocrx_word' id='word_1_192' title='bbox 269 1885 314 1919; x_wconf 80' lang='lat' dir='ltr'>ad</span> <span class='ocrx_word' id='word_1_193' title='bbox 339 1884 467 1930; x_wconf 82' lang='lat' dir='ltr'>Script.</span> <span class='ocrx_word' id='word_1_194' title='bbox 495 1883 549 1919; x_wconf 83' lang='lat' dir='ltr'>rei</span> <span class='ocrx_word' id='word_1_195' title='bbox 575 1881 726 1916; x_wconf 80' lang='lat' dir='ltr'>rusticae</span> <span class='ocrx_word' id='word_1_196' title='bbox 749 1894 783 1927; x_wconf 81' lang='lat' dir='ltr'>p.</span> <span class='ocrx_word' id='word_1_197' title='bbox 805 1883 871 1918; x_wconf 76' lang='lat'>566</span> <span class='ocrx_word' id='word_1_198' title='bbox 893 1892 987 1926; x_wconf 79' lang='lat' dir='ltr'>seqq.</span> <span class='ocrx_word' id='word_1_199' title='bbox 1014 1887 1049 1915; x_wconf 82' lang='lat' dir='ltr'>et</span> <span class='ocrx_word' id='word_1_200' title='bbox 1072 1881 1139 1926; x_wconf 82' lang='grc'>575</span> <span class='ocrx_word' id='word_1_201' title='bbox 1159 1893 1254 1926; x_wconf 79' lang='lat' dir='ltr'>seqq.</span> <span class='ocrx_word' id='word_1_202' title='bbox 1303 1882 1439 1926; x_wconf 71' lang='lat' dir='ltr'>Goguet</span> <span class='ocrx_word' id='word_1_203' title='bbox 1455 1912 1463 1927; x_wconf 92' lang='lat'>‚</span> <span class='ocrx_word' id='word_1_204' title='bbox 1484 1884 1548 1931; x_wconf 87' lang='lat' dir='ltr'>Op.</span> <span class='ocrx_word' id='word_1_205' title='bbox 1576 1883 1599 1920; x_wconf 83' lang='lat' dir='ltr'>l.</span> 
     </span>
     <span class='ocr_line' id='line_1_27' title="bbox 169 1934 1599 1985; baseline 0.003 -15"><span class='ocrx_word' id='word_1_206' title='bbox 169 1940 251 1974; x_wconf 74' lang='lat' dir='ltr'>Vol.</span> <span class='ocrx_word' id='word_1_207' title='bbox 275 1939 305 1973; x_wconf 93' lang='grc' dir='ltr'>Ι.</span> <span class='ocrx_word' id='word_1_208' title='bbox 331 1952 364 1985; x_wconf 86' lang='lat' dir='ltr'>p.</span> <span class='ocrx_word' id='word_1_209' title='bbox 392 1952 438 1975; x_wconf 89' lang='lat' dir='ltr'>m.</span> <span class='ocrx_word' id='word_1_210' title='bbox 460 1939 537 1974; x_wconf 79' lang='lat'>145.</span> <span class='ocrx_word' id='word_1_211' title='bbox 562 1944 599 1972; x_wconf 84' lang='lat' dir='ltr'>et</span> <span class='ocrx_word' id='word_1_212' title='bbox 625 1943 718 1971; x_wconf 83' lang='lat' dir='ltr'>auct.</span> <span class='ocrx_word' id='word_1_213' title='bbox 742 1935 795 1970; x_wconf 87' lang='lat' dir='ltr'>ibi</span> <span class='ocrx_word' id='word_1_214' title='bbox 821 1936 881 1973; x_wconf 82' lang='lat' dir='ltr'>cit.</span> <span class='ocrx_word' id='word_1_215' title='bbox 1000 1934 1038 1980; x_wconf 76' lang='grc' dir='ltr'>ι)</span> <span class='ocrx_word' id='word_1_216' title='bbox 1063 1934 1113 1970; x_wconf 78' lang='lat' dir='ltr'>Ne</span> <span class='ocrx_word' id='word_1_217' title='bbox 1146 1936 1228 1981; x_wconf 89' lang='lat' dir='ltr'>quid</span> <span class='ocrx_word' id='word_1_218' title='bbox 1258 1949 1298 1972; x_wconf 84' lang='lat' dir='ltr'>ex</span> <span class='ocrx_word' id='word_1_219' title='bbox 1329 1937 1395 1976; x_wconf 84' lang='lat' dir='ltr'>Od.</span> <span class='ocrx_word' id='word_1_220' title='bbox 1416 1937 1510 1983; x_wconf 81' lang='lat' dir='ltr'>Vll,</span> <span class='ocrx_word' id='word_1_221' title='bbox 1537 1938 1599 1976; x_wconf 79' lang='lat'>105</span> 
     </span>
     <span class='ocr_line' id='line_1_28' title="bbox 168 1993 755 2040; baseline -0.003 -10"><span class='ocrx_word' id='word_1_222' title='bbox 168 2006 240 2040; x_wconf 71' lang='lat' dir='ltr'>seq.</span> <span class='ocrx_word' id='word_1_223' title='bbox 265 1993 378 2028; x_wconf 84' lang='lat' dir='ltr'>verbis</span> <span class='ocrx_word' id='word_1_224' title='bbox 752 2011 755 2016; x_wconf 52' lang='lat' dir='ltr'>v</span> 
     </span>
    </p>

    <p class='ocr_par' dir='ltr' id='par_1_6' title="bbox 347 2044 1274 2091">
     <span class='ocr_line' id='line_1_29' title="bbox 347 2044 1274 2091; baseline -0.003 -11"><span class='ocrx_word' id='word_1_225' title='bbox 347 2049 401 2080; x_wconf 76' lang='grc' dir='ltr'>Αἱ</span> <span class='ocrx_word' id='word_1_226' title='bbox 426 2049 463 2080; x_wconf 81' lang='grc' dir='ltr'>δ’</span> <span class='ocrx_word' id='word_1_227' title='bbox 486 2046 610 2084; x_wconf 65' lang='grc' dir='ltr'><strong><em>ἱστοὺς</em></strong></span> <span class='ocrx_word' id='word_1_228' title='bbox 634 2045 769 2085; x_wconf 70' lang='grc' dir='ltr'>ὑφόωσι</span> <span class='ocrx_word' id='word_1_229' title='bbox 789 2047 854 2079; x_wconf 81' lang='grc' dir='ltr'>καὶ</span> <span class='ocrx_word' id='word_1_230' title='bbox 875 2044 1047 2091; x_wconf 70' lang='grc' dir='ltr'><strong><em>ἦλάκατᾳ</em></strong></span> <span class='ocrx_word' id='word_1_231' title='bbox 1068 2047 1274 2090; x_wconf 73' lang='grc' dir='ltr'><em>στρωφῶσιν</em></span> 
     </span>
    </p>

    <p class='ocr_par' dir='ltr' id='par_1_7' title="bbox 163 2102 1602 2751">
     <span class='ocr_line' id='line_1_30' title="bbox 343 2102 514 2142; baseline 0 -8"><span class='ocrx_word' id='word_1_232' title='bbox 343 2102 514 2142; x_wconf 60' lang='lat' dir='ltr'>“Alpesvub</span> 
     </span>
     <span class='ocr_line' id='line_1_31' title="bbox 171 2154 1601 2201; baseline -0.001 -9"><span class='ocrx_word' id='word_1_233' title='bbox 171 2163 293 2192; x_wconf 81' lang='lat' dir='ltr'>contra</span> <span class='ocrx_word' id='word_1_234' title='bbox 316 2165 469 2190; x_wconf 84' lang='lat' dir='ltr'>nostram</span> <span class='ocrx_word' id='word_1_235' title='bbox 491 2156 699 2192; x_wconf 78' lang='lat' dir='ltr'>sententiam</span> <span class='ocrx_word' id='word_1_236' title='bbox 720 2154 883 2199; x_wconf 79' lang='lat' dir='ltr'>colligas,</span> <span class='ocrx_word' id='word_1_237' title='bbox 907 2154 1093 2189; x_wconf 75' lang='lat' dir='ltr'>tenendum</span> <span class='ocrx_word' id='word_1_238' title='bbox 1122 2162 1173 2189; x_wconf 82' lang='lat' dir='ltr'>est</span> <span class='ocrx_word' id='word_1_239' title='bbox 1189 2183 1199 2201; x_wconf 84' lang='lat'>‚</span> <span class='ocrx_word' id='word_1_240' title='bbox 1223 2167 1337 2189; x_wconf 81' lang='lat' dir='ltr'>vocem</span> <span class='ocrx_word' id='word_1_241' title='bbox 1355 2157 1508 2201; x_wconf 62' lang='grc' dir='ltr'>ἥμεναι,</span> <span class='ocrx_word' id='word_1_242' title='bbox 1534 2168 1601 2191; x_wconf 86' lang='lat' dir='ltr'>non</span> 
     </span>
     <span class='ocr_line' id='line_1_32' title="bbox 170 2209 1601 2259; baseline -0.003 -13"><span class='ocrx_word' id='word_1_243' title='bbox 170 2212 215 2247; x_wconf 81' lang='lat' dir='ltr'>ad</span> <span class='ocrx_word' id='word_1_244' title='bbox 239 2212 371 2259; x_wconf 85' lang='lat' dir='ltr'>priores</span> <span class='ocrx_word' id='word_1_245' title='bbox 392 2211 565 2256; x_wconf 79' lang='lat' dir='ltr'>feminas,</span> <span class='ocrx_word' id='word_1_246' title='bbox 591 2212 649 2245; x_wconf 86' lang='lat' dir='ltr'>sed</span> <span class='ocrx_word' id='word_1_247' title='bbox 678 2211 722 2244; x_wconf 86' lang='lat' dir='ltr'>ad</span> <span class='ocrx_word' id='word_1_248' title='bbox 757 2223 815 2244; x_wconf 84' lang='lat' dir='ltr'>eas</span> <span class='ocrx_word' id='word_1_249' title='bbox 845 2209 1063 2244; x_wconf 86' lang='lat' dir='ltr'>referendam</span> <span class='ocrx_word' id='word_1_250' title='bbox 1092 2222 1187 2253; x_wconf 84' lang='lat' dir='ltr'>esse,</span> <span class='ocrx_word' id='word_1_251' title='bbox 1222 2211 1260 2243; x_wconf 82' lang='grc' dir='ltr'>αἱ</span> <span class='ocrx_word' id='word_1_252' title='bbox 1282 2210 1453 2253; x_wconf 74' lang='grc' dir='ltr'><em>ἠλάκατα</em></span> <span class='ocrx_word' id='word_1_253' title='bbox 1487 2222 1601 2257; x_wconf 73' lang='grc' dir='ltr'><em>στρω-</em></span> 
     </span>
     <span class='ocr_line' id='line_1_33' title="bbox 168 2264 1599 2312; baseline -0.001 -12"><span class='ocrx_word' id='word_1_254' title='bbox 168 2269 294 2308; x_wconf 79' lang='grc' dir='ltr'>φῶσιν.</span> <span class='ocrx_word' id='word_1_255' title='bbox 329 2265 383 2303; x_wconf 84' lang='lat' dir='ltr'>Cf.</span> <span class='ocrx_word' id='word_1_256' title='bbox 410 2267 567 2310; x_wconf 79' lang='lat' dir='ltr'>Goguet,</span> <span class='ocrx_word' id='word_1_257' title='bbox 591 2267 655 2311; x_wconf 82' lang='lat' dir='ltr'>Op.</span> <span class='ocrx_word' id='word_1_258' title='bbox 680 2265 704 2302; x_wconf 91' lang='lat' dir='ltr'>l.</span> <span class='ocrx_word' id='word_1_259' title='bbox 730 2265 796 2302; x_wconf 80' lang='lat' dir='ltr'>vol.</span> <span class='ocrx_word' id='word_1_260' title='bbox 818 2265 867 2302; x_wconf 89' lang='lat' dir='ltr'>II.</span> <span class='ocrx_word' id='word_1_261' title='bbox 894 2278 986 2312; x_wconf 87' lang='lat' dir='ltr'>p.m.</span> <span class='ocrx_word' id='word_1_262' title='bbox 1006 2268 1079 2310; x_wconf 69' lang='lat'><strong>187.</strong></span> <span class='ocrx_word' id='word_1_263' title='bbox 1105 2272 1141 2299; x_wconf 86' lang='lat' dir='ltr'>et</span> <span class='ocrx_word' id='word_1_264' title='bbox 1161 2264 1322 2302; x_wconf 81' lang='lat' dir='ltr'>Eustath.</span> <span class='ocrx_word' id='word_1_265' title='bbox 1347 2265 1390 2299; x_wconf 85' lang='lat' dir='ltr'>ad</span> <span class='ocrx_word' id='word_1_266' title='bbox 1415 2265 1458 2302; x_wconf 87' lang='lat' dir='ltr'>Il.</span> <span class='ocrx_word' id='word_1_267' title='bbox 1479 2265 1518 2310; x_wconf 92' lang='lat' dir='ltr'>I,</span> <span class='ocrx_word' id='word_1_268' title='bbox 1543 2268 1599 2307; x_wconf 83' lang='grc'>51,</span> 
     </span>
     <span class='ocr_line' id='line_1_34' title="bbox 170 2319 1599 2365; baseline 0 -10"><span class='ocrx_word' id='word_1_269' title='bbox 170 2321 211 2365; x_wconf 83' lang='lat'>2)</span> <span class='ocrx_word' id='word_1_270' title='bbox 239 2321 336 2363; x_wconf 83' lang='lat' dir='ltr'>Quae</span> <span class='ocrx_word' id='word_1_271' title='bbox 373 2328 513 2355; x_wconf 83' lang='lat' dir='ltr'>teneant</span> <span class='ocrx_word' id='word_1_272' title='bbox 544 2320 690 2354; x_wconf 78' lang='lat' dir='ltr'>lectores</span> <span class='ocrx_word' id='word_1_273' title='bbox 717 2320 820 2355; x_wconf 81' lang='lat' dir='ltr'>velim</span> <span class='ocrx_word' id='word_1_274' title='bbox 852 2320 887 2353; x_wconf 91' lang='lat' dir='ltr'>in</span> <span class='ocrx_word' id='word_1_275' title='bbox 918 2320 985 2365; x_wconf 83' lang='lat' dir='ltr'>iis,</span> <span class='ocrx_word' id='word_1_276' title='bbox 1009 2331 1095 2365; x_wconf 83' lang='lat' dir='ltr'>quae</span> <span class='ocrx_word' id='word_1_277' title='bbox 1121 2319 1278 2365; x_wconf 83' lang='lat' dir='ltr'>deinceps</span> <span class='ocrx_word' id='word_1_278' title='bbox 1307 2332 1423 2355; x_wconf 89' lang='lat' dir='ltr'>sumus</span> <span class='ocrx_word' id='word_1_279' title='bbox 1445 2320 1599 2359; x_wconf 83' lang='lat' dir='ltr'>allaturi.</span> 
     </span>
     <span class='ocr_line' id='line_1_35' title="bbox 166 2374 1599 2420; baseline 0.001 -11"><span class='ocrx_word' id='word_1_280' title='bbox 166 2376 224 2412; x_wconf 79' lang='lat' dir='ltr'>Cf.</span> <span class='ocrx_word' id='word_1_281' title='bbox 241 2377 333 2420; x_wconf 82' lang='lat' dir='ltr'>inpr.</span> <span class='ocrx_word' id='word_1_282' title='bbox 353 2374 494 2410; x_wconf 85' lang='lat' dir='ltr'>Nitzsch</span> <span class='ocrx_word' id='word_1_283' title='bbox 518 2375 559 2408; x_wconf 89' lang='lat' dir='ltr'>ad</span> <span class='ocrx_word' id='word_1_284' title='bbox 583 2375 647 2410; x_wconf 58' lang='lat' dir='ltr'>(id.</span> <span class='ocrx_word' id='word_1_285' title='bbox 667 2374 724 2420; x_wconf 87' lang='lat' dir='ltr'>II,</span> <span class='ocrx_word' id='word_1_286' title='bbox 750 2376 925 2420; x_wconf 79' lang='lat'>537-48</span> <span class='ocrx_word' id='word_1_287' title='bbox 943 2402 952 2419; x_wconf 86' lang='lat'><em>,</em></span> <span class='ocrx_word' id='word_1_288' title='bbox 977 2375 1035 2420; x_wconf 86' lang='lat' dir='ltr'>qui</span> <span class='ocrx_word' id='word_1_289' title='bbox 1059 2375 1124 2409; x_wconf 75' lang='lat' dir='ltr'>ait:</span> <span class='ocrx_word' id='word_1_290' title='bbox 1150 2374 1248 2408; x_wconf 80' lang='lat' dir='ltr'>Alter</span> <span class='ocrx_word' id='word_1_291' title='bbox 1271 2375 1339 2408; x_wconf 83' lang='lat' dir='ltr'>urd</span> <span class='ocrx_word' id='word_1_292' title='bbox 1358 2375 1599 2410; x_wconf 73' lang='lat' dir='ltr'>Verh&#39;altnisse</span> 
     </span>
     <span class='ocr_line' id='line_1_36' title="bbox 167 2429 1602 2474; baseline -0.001 -9"><span class='ocrx_word' id='word_1_293' title='bbox 167 2432 382 2474; x_wconf 76' lang='lat' dir='ltr'>vereinIgten</span> <span class='ocrx_word' id='word_1_294' title='bbox 398 2430 466 2464; x_wconf 85' lang='lat' dir='ltr'>und</span> <span class='ocrx_word' id='word_1_295' title='bbox 488 2437 648 2464; x_wconf 77' lang='lat' dir='ltr'>trennten</span> <span class='ocrx_word' id='word_1_296' title='bbox 664 2429 740 2463; x_wconf 85' lang='lat' dir='ltr'>hier</span> <span class='ocrx_word' id='word_1_297' title='bbox 758 2444 766 2465; x_wconf 77' lang='lat' dir='ltr'><strong><em>z</em></strong></span> <span class='ocrx_word' id='word_1_298' title='bbox 792 2430 868 2463; x_wconf 88' lang='lat' dir='ltr'>dem</span> <span class='ocrx_word' id='word_1_299' title='bbox 884 2429 1010 2464; x_wconf 74' lang='lat' dir='ltr'>Manno</span> <span class='ocrx_word' id='word_1_300' title='bbox 1025 2429 1166 2463; x_wconf 84' lang='lat' dir='ltr'>brachte</span> <span class='ocrx_word' id='word_1_301' title='bbox 1183 2429 1236 2463; x_wconf 85' lang='lat' dir='ltr'>die</span> <span class='ocrx_word' id='word_1_302' title='bbox 1256 2430 1347 2463; x_wconf 84' lang='lat' dir='ltr'>Frau</span> <span class='ocrx_word' id='word_1_303' title='bbox 1363 2430 1602 2464; x_wconf 87' lang='lat' dir='ltr'>Dienerinnen</span> 
     </span>
     <span class='ocr_line' id='line_1_37' title="bbox 172 2483 1599 2529; baseline 0 -10"><span class='ocrx_word' id='word_1_304' title='bbox 172 2499 243 2529; x_wconf 81' lang='lat' dir='ltr'>zu,</span> <span class='ocrx_word' id='word_1_305' title='bbox 275 2487 340 2521; x_wconf 73' lang='lat' dir='ltr'>od.</span> <span class='ocrx_word' id='word_1_306' title='bbox 362 2484 496 2528; x_wconf 64' lang='lat' dir='ltr'>XXIII,</span> <span class='ocrx_word' id='word_1_307' title='bbox 520 2488 606 2520; x_wconf 70' lang='lat'>228:</span> <span class='ocrx_word' id='word_1_308' title='bbox 643 2484 704 2518; x_wconf 87' lang='lat' dir='ltr'>der</span> <span class='ocrx_word' id='word_1_309' title='bbox 737 2484 989 2528; x_wconf 75' lang='lat' dir='ltr'>hochbetagten</span> <span class='ocrx_word' id='word_1_310' title='bbox 1020 2483 1210 2519; x_wconf 58' lang='lat' dir='ltr'>Sclizisferin</span> <span class='ocrx_word' id='word_1_311' title='bbox 1240 2493 1368 2520; x_wconf 86' lang='lat' dir='ltr'>musste</span> <span class='ocrx_word' id='word_1_312' title='bbox 1403 2486 1478 2520; x_wconf 89' lang='lat' dir='ltr'>eine</span> <span class='ocrx_word' id='word_1_313' title='bbox 1510 2485 1599 2519; x_wconf 87' lang='lat' dir='ltr'>noch</span> 
     </span>
     <span class='ocr_line' id='line_1_38' title="bbox 168 2538 1598 2584; baseline 0 -10"><span class='ocrx_word' id='word_1_314' title='bbox 168 2542 340 2582; x_wconf 69' lang='lat' dir='ltr'>riistigere</span> <span class='ocrx_word' id='word_1_315' title='bbox 369 2539 576 2583; x_wconf 74' lang='lat' dir='ltr'>zugcorduet</span> <span class='ocrx_word' id='word_1_316' title='bbox 594 2538 753 2582; x_wconf 84' lang='lat' dir='ltr'>werden,</span> <span class='ocrx_word' id='word_1_317' title='bbox 779 2551 872 2573; x_wconf 86' lang='lat' dir='ltr'>wenn</span> <span class='ocrx_word' id='word_1_318' title='bbox 904 2540 953 2573; x_wconf 85' lang='lat' dir='ltr'>sie</span> <span class='ocrx_word' id='word_1_319' title='bbox 976 2539 1061 2573; x_wconf 86' lang='lat' dir='ltr'>auch</span> <span class='ocrx_word' id='word_1_320' title='bbox 1086 2539 1216 2583; x_wconf 80' lang='lat' dir='ltr'>einiges</span> <span class='ocrx_word' id='word_1_321' title='bbox 1240 2552 1317 2574; x_wconf 80' lang='lat' dir='ltr'>vom</span> <span class='ocrx_word' id='word_1_322' title='bbox 1338 2541 1477 2584; x_wconf 71' lang='lat' dir='ltr'>vorigen</span> <span class='ocrx_word' id='word_1_323' title='bbox 1495 2541 1598 2574; x_wconf 76' lang='lat' dir='ltr'>Amte</span> 
     </span>
     <span class='ocr_line' id='line_1_39' title="bbox 163 2592 1598 2640; baseline 0.002 -13"><span class='ocrx_word' id='word_1_324' title='bbox 163 2594 311 2632; x_wconf 68' lang='lat' dir='ltr'>hehielt.</span> <span class='ocrx_word' id='word_1_325' title='bbox 360 2595 470 2629; x_wconf 86' lang='lat' dir='ltr'>Adeas</span> <span class='ocrx_word' id='word_1_326' title='bbox 491 2602 605 2628; x_wconf 82' lang='lat' dir='ltr'>cetera</span> <span class='ocrx_word' id='word_1_327' title='bbox 630 2605 716 2639; x_wconf 86' lang='lat' dir='ltr'>quae</span> <span class='ocrx_word' id='word_1_328' title='bbox 740 2592 807 2632; x_wconf 89' lang='grc'><strong>1.1.</strong></span> <span class='ocrx_word' id='word_1_329' title='bbox 827 2593 980 2639; x_wconf 81' lang='lat' dir='ltr'>disputat</span> <span class='ocrx_word' id='word_1_330' title='bbox 1000 2594 1041 2630; x_wconf 85' lang='lat' dir='ltr'>V.</span> <span class='ocrx_word' id='word_1_331' title='bbox 1066 2594 1166 2630; x_wconf 78' lang='lat' dir='ltr'>Doct.</span> <span class='ocrx_word' id='word_1_332' title='bbox 1189 2603 1309 2630; x_wconf 87' lang='lat' dir='ltr'>contra</span> <span class='ocrx_word' id='word_1_333' title='bbox 1334 2595 1460 2640; x_wconf 85' lang='lat' dir='ltr'>Spohn.</span> <span class='ocrx_word' id='word_1_334' title='bbox 1485 2595 1548 2640; x_wconf 90' lang='lat' dir='ltr'>Op.</span> <span class='ocrx_word' id='word_1_335' title='bbox 1570 2594 1598 2632; x_wconf 89' lang='lat' dir='ltr'>l.</span> 
     </span>
     <span class='ocr_line' id='line_1_40' title="bbox 164 2648 1592 2697; baseline 0.002 -14"><span class='ocrx_word' id='word_1_336' title='bbox 164 2649 202 2693; x_wconf 81' lang='lat'>5)</span> <span class='ocrx_word' id='word_1_337' title='bbox 229 2650 309 2686; x_wconf 65' lang='lat' dir='ltr'>Vid.</span> <span class='ocrx_word' id='word_1_338' title='bbox 335 2649 399 2685; x_wconf 90' lang='lat' dir='ltr'>Od.</span> <span class='ocrx_word' id='word_1_339' title='bbox 425 2649 522 2694; x_wconf 76' lang='lat' dir='ltr'>XIX,</span> <span class='ocrx_word' id='word_1_340' title='bbox 548 2650 617 2683; x_wconf 79' lang='lat'>482</span> <span class='ocrx_word' id='word_1_341' title='bbox 639 2660 710 2695; x_wconf 87' lang='lat' dir='ltr'>seq.</span> <span class='ocrx_word' id='word_1_342' title='bbox 840 2650 880 2695; x_wconf 87' lang='lat'>4)</span> <span class='ocrx_word' id='word_1_343' title='bbox 906 2648 988 2688; x_wconf 82' lang='lat' dir='ltr'>Vid.</span> <span class='ocrx_word' id='word_1_344' title='bbox 1022 2648 1086 2687; x_wconf 86' lang='lat' dir='ltr'>Od.</span> <span class='ocrx_word' id='word_1_345' title='bbox 1112 2648 1233 2696; x_wconf 79' lang='lat' dir='ltr'>XVII,</span> <span class='ocrx_word' id='word_1_346' title='bbox 1256 2652 1311 2687; x_wconf 72' lang='lat'>31.</span> <span class='ocrx_word' id='word_1_347' title='bbox 1337 2650 1438 2697; x_wconf 76' lang='lat' dir='ltr'>XlX,</span> <span class='ocrx_word' id='word_1_348' title='bbox 1464 2652 1528 2696; x_wconf 75' lang='lat'>16,</span> <span class='ocrx_word' id='word_1_349' title='bbox 1552 2663 1592 2690; x_wconf 69' lang='grc' dir='ltr'>αι</span> 
     </span>
     <span class='ocr_line' id='line_1_41' title="bbox 163 2705 604 2751; baseline 0 -13"><span class='ocrx_word' id='word_1_350' title='bbox 163 2715 258 2750; x_wconf 83' lang='lat' dir='ltr'>seqq.</span> <span class='ocrx_word' id='word_1_351' title='bbox 287 2711 321 2739; x_wconf 83' lang='lat' dir='ltr'>et</span> <span class='ocrx_word' id='word_1_352' title='bbox 346 2706 408 2740; x_wconf 74' lang='lat'>301</span> <span class='ocrx_word' id='word_1_353' title='bbox 433 2717 528 2751; x_wconf 83' lang='lat' dir='ltr'>seqq.</span> <span class='ocrx_word' id='word_1_354' title='bbox 555 2705 604 2742; x_wconf 82' lang='lat' dir='ltr'>al.</span> 
     </span>
    </p>
   </div>
  </div>
 </body>
</html>
