1780 3120
547 128 1134 215 zHOMERICA.
1468 160 1582 224 241·

139 286 327 337 Hectori
356 293 404 333 et
436 284 602 332 ceteris
627 285 722 332 fere
763 282 983 332 heroibus
1025 284 1151 333 domi
1184 288 1454 339 vestimenta
1491 295 1559 357 ja-

141 353 313 402 cebant
1040 355 1043 358 ’

271 450 628 469 ........
663 424 866 477 τετυγμένα
897 419 1008 479 χερσῖ
1032 429 1212 479 γυναικῶν
1236 428 1273 464 ¹.

140 482 372 531 Omnibus
406 481 608 547 denique
632 490 740 528 nota
762 479 1020 546 Penelopes
1048 481 1158 538 tela,
1198 501 1337 547 quam
1370 485 1559 534 texebat

141 557 190 594 et
212 546 447 595 retexebat
475 550 551 612 pia
589 549 789 612 conjux,
826 563 917 612 quo
953 563 1117 610 procos
1148 549 1446 613 impudentes
1476 552 1561 598 fal-

137 611 254 660 leret
347 611 475 672 Quid
520 611 731 658 Sidonias
784 611 1000 658 mulieres
1044 630 1301 663 memorem
1342 618 1563 665 textoriae

138 680 250 725 artis
271 679 435 744 peritia
459 676 768 725 nobilissimas
787 712 804 736 ,

271 778 534 792 ......
571 747 638 796 τὰς
662 746 767 798 αὐτὸς
791 743 1036 805 Ἀλέξανδρσς
1067 745 1225 800 θεσειδὴς

266 812 421 871 ''Hyozye
455 807 661 860 Σιὸσνίηθεν
677 844 690 866 ,

143 890 171 920 a
199 872 368 939 quibus
404 872 599 919 confecti
631 876 758 919 πέπλοι
793 877 1030 934 παμποίκιλοι
1063 874 1114 919 in
1148 877 1344 926 cimeliis
1383 878 1442 925 ab
1471 879 1566 927 He·

143 940 264 987 cuba
296 937 475 986 conditi
513 937 817 985 servabantur
839 951 879 985 2:
917 939 1030 1004 quid
1061 940 1323 990 Phaeacum
1360 944 1536 1008 puellas
1555 982 1566 1002 ‚

145 1020 263 1070 quae
282 1040 294 1061 ‚
348 1012 577 1068 quantum
636 1002 882 1065 navigandi
927 1014 1023 1050 arte
1084 1007 1203 1065 viri,
1247 1017 1430 1056 tantum
1477 1012 1569 1059 tela

147 1069 350 1117 texenda
374 1068 563 1134 reliquis
599 1067 936 1116 antecellebant
966 1070 1239 1120 mortalibus
1264 1074 1513 1124 omnibus?

287 1167 648 1183 ........
685 1141 769 1197 πέρι
799 1135 872 1197 γάρ
899 1156 1001 1199 σφισι
1030 1136 1145 1183 δῶκεν
1172 1139 1311 1195 Ἀθήνη

273 1200 412 1263 ”Εργα
439 1200 471 1246 τ’
496 1202 718 1246 ἐπίστασθαι
745 1203 970 1262 περικαλλέα
987 1238 997 1256 ,
1034 1208 1097 1248 καί
1123 1211 1255 1267 φρένας
1289 1208 1422 1261 ἐσθλάς
1446 1206 1483 1253 3.

155 1264 299 1325 Tela,
334 1263 461 1329 quod
485 1264 593 1311 satis
620 1272 801 1312 constat
821 1301 832 1322 ‚
867 1264 1071 1330 pendula
1102 1268 1216 1328 fuit,
1251 1270 1312 1316 ita
1342 1281 1393 1317 ut
1418 1271 1578 1319 stami-

154 1349 270 1378 num
296 1331 409 1377 situs
441 1329 843 1394 perpendicularis
873 1339 1015 1388 esset,
1050 1348 1148 1379 non
1181 1351 1290 1383 vero
1313 1335 1577 1385 horizonta-

153 1395 241 1444 lis:
270 1396 328 1443 ad
347 1394 740 1460 perpendiculum
768 1403 923 1442 autem
953 1397 1144 1445 extendi
1175 1399 1348 1448 solebat
1379 1419 1578 1468 suspen-

160 1464 219 1508 sis
254 1459 565 1526 ponderibu8‚
605 1478 710 1508 cum
744 1478 924 1507 summa
955 1465 1052 1527 ejus
1079 1480 1187 1527 pars
1230 1465 1465 1514 clavorum
1500 1477 1579 1516 aut

158 1526 271 1574 alius
290 1526 587 1573 instrumenti
614 1541 702 1590 ope
739 1542 794 1571 ex
820 1524 1052 1573 trabecula
1076 1528 1148 1575 vel
1176 1539 1432 1580 transverso
1456 1533 1582 1598 ligno

158 1591 456 1655 dependeret..
524 1591 655 1638 Haec
679 1590 865 1638 aliunde
896 1594 1003 1639 satis
1023 1602 1131 1640 nota
1151 1606 1260 1643 sunt
1287 1606 1334 1644 et
1357 1608 1455 1645 rata
1473 1637 1483 1657 ‚
1519 1599 1580 1646 de

160 1656 328 1723 quibus
373 1664 527 1703 tamen
564 1656 686 1704 nihil
734 1657 995 1714 Homerus,
1033 1661 1112 1723 qui
1158 1678 1247 1708 nec
1286 1662 1344 1710 de
1387 1666 1580 1714 texendi

156 1724 337 1771 ratione
378 1721 632 1788 quidquam
669 1722 880 1780 monuit,
916 1723 1007 1771 nisi
1043 1742 1160 1789 quae
1195 1727 1338 1775 habet
1377 1730 1428 1776 in
1455 1747 1584 1778 com-

157 1789 394 1857 paratione
423 1805 450 1833 a
482 1788 674 1835 textrice
708 1788 876 1852 petita,
912 1797 963 1834 ut
994 1790 1056 1836 ita
1089 1791 1301 1857 Ulyssem
1330 1793 1464 1842 nobis
1495 1814 1581 1845 an-

162 1862 208 1899 te
249 1852 408 1902 oculos
444 1861 614 1917 ponat,
656 1851 770 1899 dum
798 1855 993 1916 Aiacem
1031 1867 1303 1922 sequeretur
1344 1860 1580 1929 ipsiusque

159 1927 285 1984 tergo
309 1918 588 1966 inhaereret.
656 1917 774 1964 Sunt
810 1928 966 1968 autem
989 1919 1133 1968 haec:

295 2018 864 2033 ............
899 1983 980 2032 ὦκα
1006 1988 1043 2032 δ’
1059 1986 1189 2036 ἔπειτα

270 2049 432 2114 '‘Extpsp'
465 2049 683 2102 Ὀϊλιάδης·
721 2054 780 2096 ἐπὶ
810 2051 846 2097 δ’
866 2048 1004 2113 ὤρνυτο
1036 2056 1110 2107 δῖος
1135 2056 1343 2111 Ὀδυσσεὺς

277 2114 400 2179 νΑγχι
430 2117 540 2175 μάλ’,
577 2122 624 2168 ὡς
652 2118 710 2161 ’σ’τε
736 2124 790 2169 τίς
819 2134 857 2161 τε
885 2122 1050 2177 γυναικὸς
1076 2125 1235 2174 dimasto

300 2185 458 2234 Στήθεός
480 2186 557 2227 ἐστι
587 2184 708 2226 κανὼν
726 2218 738 2238 ,
773 2183 843 2227 ’ἐντ’
874 2177 914 2226 εὖ
945 2187 1053 2242 μάλα
1081 2191 1191 2245 χερσὶ
1215 2192 1407 2249 τανύσσῃ,

299 2249 438 2299 Πηνίον
465 2248 664 2301 ἐξέλκουσα
695 2250 816 2308 παρὲκ
840 2254 970 2307 μίτον,
1004 2255 1138 2311 ἀγχόθι
1158 2252 1193 2298 ’δ’
1213 2260 1315 2316 ’ἴσχει
1358 2240 1365 2252 ¹

305 2315 483 2366 Στήθεος·
519 2314 569 2366 ὥς
601 2313 780 2366 Ὀδυσεὺς
812 2317 889 2360 θέεν
915 2318 1084 2377 ἐγγύθεν·
1111 2317 1148 2365 4.

1508 2391 1599 2439 Ita-

172 2509 207 2543 ρ,
226 2497 271 2542 95
289 2507 383 2541 seqq.
430 2495 611 2532 Communi
633 2498 722 2532 enim
746 2499 973 2546 interpretum
998 2505 1168 2540 sententia
1203 2507 1267 2544 Od.
1294 2508 1350 2554 V,
1382 2511 1460 2547 230.
1486 2520 1520 2547 et
1544 2512 1565 2544 X

177 2553 222 2587 23
241 2562 315 2595 seq.
333 2563 397 2585 uon
423 2554 599 2597 ἀργύρεον
619 2553 675 2587 sed
703 2554 883 2599 ἀργύφεον
910 2556 1087 2599 legendum
1116 2568 1177 2597 est.
1227 2562 1281 2598 Cf.
1300 2562 1417 2598 minin
1447 2577 1479 2611 p.
1500 2580 1541 2612 97
1564 2543 1601 2607 a}

179 2616 224 2650 99
251 2616 320 2649 seq.
440 2606 474 2649 ι)
501 2606 542 2643 ΙΙ.
563 2607 631 2652 VI,
657 2610 734 2644 511.
869 2610 906 2653 2)
934 2610 975 2644 11.
990 2612 1243 2661 V1‚289seqq.
1362 2619 1400 2662 5)
1425 2621 1490 2654 (Μ.
1507 2623 1573 2659 VH

179 2669 246 2695 uo
263 2669 332 2704 seq.
355 2658 413 2697 cu.
438 2673 550 2708 praee.
575 2672 625 2700 vs.
742 2662 781 2709 4)
806 2662 849 2701 11.
873 2664 1004 2713 xxm,
1031 2669 1095 2714 7⁵8
1119 2681 1214 2715 seqq.
1244 2670 1286 2705 ad
1308 2683 1340 2717 q.
1362 2671 1385 2710 1.
1410 2673 1457 2708 of.
1481 2654 1598 2718 schoii

1135 2722 1166 2765 Q
1542 2733 1607 2769 In-
