1750 3116
489 146 711 184 onais
755 139 1188 185 consuetus.
1459 163 1543 188 xxm

255 251 285 294 ς-
306 255 341 289 8·
385 256 531 290 Privati.
609 279 622 291 ο
709 279 721 290 ι
809 279 820 290 ι
910 279 921 290 0
1010 277 1022 290 ο
1107 276 1123 290 ⁴
1209 276 1221 290 ο
1308 277 1322 292 α
1383 270 1461 306 pag,
1484 270 1540 306 2⁹·

133 307 242 354 caput
261 313 363 347 vm.
407 315 461 347 De
487 312 702 346 sacrificandi
726 312 858 346 ritibus.

258 367 293 410 S.
318 378 348 402 t.
393 370 479 402 Loci
500 378 541 402 ex
572 369 718 402 Homero
744 378 917 409 notantur,
940 368 1060 410 quibus
1085 368 1188 402 fusius
1216 369 1451 406 sacrificiorum

212 424 295 458 ritus
317 426 560 458 describuntur.
615 445 628 457 .
714 446 726 457 .
814 447 825 457 .
911 443 925 456 ο
1011 447 1021 457 .
1110 446 1122 457 .
1209 445 1221 456 .
1308 449 1320 461 .
1406 450 1418 460 .
1484 439 1539 469 3ο,

254 479 286 520 §-
309 491 346 514 2.
388 480 549 512 victimas
569 481 652 518 ante!
669 481 926 514 immolationem
947 491 1030 522 aqua
1048 482 1174 514 lustrali
1198 483 1458 523 adspergebant,

211 536 341 576 sibique
363 545 478 570 manus
498 537 654 569 lavabant
672 534 899 569 sacrificaturi.
1008 560 1019 570 .
1108 560 1119 572 .
1207 561 1219 572 .
1308 562 1319 573 .
1406 561 1417 573 .
1484 551 1542 582 30.

257 591 290 632 §-
315 602 350 632 3.
394 591 480 624 Tum
512 594 617 624 molas
650 593 831 631 tollebant,
866 593 1018 631 precibus
1044 593 1139 626 factis
1167 597 1321 630 victimae
1355 597 1457 637 capiti

213 646 447 688 inspergebant
475 654 510 682 et
535 646 603 686 ejus
629 648 715 687 pilos
744 646 843 678 fronti
870 648 1002 678 evulsos
1026 648 1057 679 in
1089 649 1197 691 ignem
1223 650 1455 689 conjiciebant.

211 703 336 737 Preces
361 711 469 736 autem
492 704 592 735 modo
621 703 654 734 in
683 702 908 735 immolatione
932 704 1002 743 ipsa
1024 703 1222 747 fundebant,
1251 707 1352 740 modo
1381 715 1458 748 post

210 752 623 792 ‘immolatamvictimam
711 779 723 791 .
811 779 823 791 .
909 780 923 792 .
1009 782 1021 794 .
1108 782 1122 795 .
1206 780 1218 793 .
1307 777 1319 794 .
1408 785 1420 796 .
1486 775 1542 804 31.

251 814 287 854 §—
306 823 345 855 4.
387 814 550 846 victimae
575 813 758 852 percussio.
860 836 872 847 .
959 839 971 850 .
1071 838 1086 851 .
1186 839 1199 850 .
1303 840 1315 852 .
1403 841 1415 852 .
1481 831 1538 861 32.

245 869 277 906 S.
301 880 336 912 5.
364 871 575 913 .Jugulatio:
607 871 799 911 sanguinem
837 878 946 903 autem
981 880 1023 903 ex
1057 871 1190 905 vulnere
1227 882 1452 916 erumpentem

203 934 283 960 vase
304 927 528 967 excipiebant.
646 948 660 960 .
763 949 774 960 .
866 949 877 960 .
983 948 995 960 .
1085 946 1098 960 .
1200 948 1212 961 .
1303 950 1314 962 .
1405 951 1418 964 .
1483 940 1539 971 32.

250 982 286 1024 ς.
307 983 342 1015 6.
390 981 564 1014 Excoriata
591 980 726 1014 victima
755 991 856 1015 conas
883 991 1030 1016 exemtas
1053 990 1189 1016 omento
1221 984 1454 1026 cooperiebant

201 1044 238 1069 et
258 1035 515 1080 ὠμοθετῆσαν.
606 1059 619 1070 .
722 1058 733 1069 .
838 1059 851 1071 .
954 1059 967 1072 ο
1071 1060 1082 1072 .
1184 1061 1196 1073 .
1287 1062 1299 1074 ι
1401 1062 1415 1076 .
1481 1054 1535 1086 32.

247 1098 279 1136 §-
302 1105 338 1138 7.
384 1095 524 1134 Coxae,
547 1103 628 1135 quas
650 1091 824 1133 praecipue
850 1093 926 1126 Diis
945 1093 1155 1134 tribuebant,
1179 1097 1247 1127 sale
1270 1097 1325 1129 vel
1349 1096 1452 1132 farina

201 1157 419 1191 conspersae,
435 1151 503 1192 igni
522 1150 774 1190 imponebantur
791 1150 969 1181 adolendae
982 1172 994 1188 ,
1016 1148 1122 1188 iisque
1143 1149 1210 1182 vini
1225 1151 1380 1185 libamina
1399 1154 1450 1186 in-

199 1203 394 1240 fundebant.
438 1206 626 1241 Adstabant
647 1205 746 1250 νέοι,
772 1205 830 1247 qui
850 1204 952 1236 furcis
979 1214 1092 1237 carnes
1116 1206 1149 1237 in
1183 1215 1271 1240 strue
1300 1209 1450 1243 contine-

197 1267 273 1292 rent
299 1263 354 1295 vel
383 1270 477 1295 motu
508 1270 551 1295 ex
577 1263 651 1304 igne
684 1263 775 1297 facto
801 1261 1001 1295 dissilientes
1032 1261 1065 1292 in
1096 1261 1205 1294 locum
1236 1271 1448 1304 reponerent.

197 1315 238 1348 In
264 1316 353 1350 notis
381 1320 543 1358 generalia
566 1321 725 1360 quaedam
755 1320 796 1352 de
821 1318 979 1350 libatione
1000 1316 1232 1355 subjiciuntur.
1307 1340 1319 1351 .
1401 1343 1414 1356 .
1476 1335 1531 1366 33,

243 1370 278 1410 §.
310 1372 344 1404 8.
402 1373 573 1405 Viscerum
610 1374 770 1415 gustatio.
830 1372 982 1412 Reliquis
1021 1373 1176 1405 victimae
1212 1374 1382 1416 partibus,
1412 1377 1444 1409 in

198 1427 301 1460 frusta
324 1429 468 1461 concisis
494 1437 529 1461 et
550 1431 692 1461 verubus
718 1428 852 1467 assatis,
878 1428 941 1468 ipsi
963 1427 1186 1461 sacrificantes
1213 1432 1445 1466 vescebantur.

200 1484 294 1516 Varii
315 1485 348 1516 in
369 1495 408 1518 ea
430 1494 465 1517 re
488 1484 569 1516 ritus
594 1492 766 1517 notantur:
790 1483 891 1515 sacris
921 1483 982 1522 ipsi
1001 1484 1066 1515 Dei
1089 1483 1246 1517 interesse
1262 1506 1275 1524 ‚
1298 1493 1331 1516 et
1353 1486 1449 1521 irasci

197 1541 421 1580 putabantur,
444 1538 472 1571 si
492 1539 524 1570 in
546 1538 647 1571 sacris
670 1538 812 1579 neglecti
833 1546 958 1570 essent.
1078 1559 1090 1571 .
1189 1560 1201 1571 .
1301 1561 1312 1572 .
1397 1563 1410 1578 ,
1476 1557 1533 1588 34⁴-

239 1594 273 1636 S.
294 1607 329 1638 9.
375 1596 512 1628 Pietatis
530 1595 646 1628 officio
669 1594 816 1628 defuncti
837 1592 1028 1626 convivium
1049 1592 1275 1636 celebrabant,
1298 1601 1387 1638 quod
1409 1610 1445 1635 ut

197 1650 231 1683 in
253 1652 391 1692 privatis
409 1653 455 1686 ita
476 1653 509 1685 in
529 1653 668 1693 publicis
687 1649 858 1685 sacrificiis
881 1651 991 1682 locum
1014 1649 1152 1689 habuit,
1173 1650 1208 1682 in
1228 1650 1334 1692 iisque
1361 1663 1443 1688 con-

196 1707 296 1742 ViViiS
320 1709 419 1751 genio
445 1708 674 1749 indulgebant.
791 1725 807 1740 ο
895 1723 908 1739 0
993 1726 1006 1738 ο
1092 1726 1106 1738 ο
1191 1725 1205 1740 ι
1295 1730 1306 1742 ι
1394 1734 1406 1746 .
1471 1727 1528 1759 35⁴

112 1763 220 1805 Caput
242 1765 304 1798 IX.
346 1765 400 1797 De
423 1765 592 1798 Donariis.

234 1817 268 1858 S.
295 1829 326 1852 1.
372 1819 461 1861 Quid
484 1821 628 1854 donariis
655 1823 816 1863 ponendis
836 1826 1043 1862 spectarent,
1066 1819 1244 1854 indicatur.
1288 1843 1301 1856 .
1387 1847 1400 1859 .
1467 1830 1525 1870 36⁴

235 1873 269 1914 §-
293 1884 327 1907 2.
348 1907 350 1909 ,
373 1876 410 1906 In
438 1876 580 1909 donariis
604 1879 709 1918 primo
729 1880 805 1910 loco
824 1884 1038 1908 recensentur
1057 1884 1211 1911 coronae.
1288 1902 1301 1914 0
1389 1906 1402 1918 .
1466 1891 1522 1931 37,

235 1927 268 1968 §.
292 1938 327 1968 3.
372 1929 524 1963 Secundo
554 1941 662 1964 vestes
684 1934 860 1972 pretiosae.
980 1950 991 1962 .
1085 1951 1096 1963 .
1182 1953 1194 1964 .
1288 1957 1300 1968 .
1384 1959 1397 1974 .
1465 1948 1519 1986 37,

233 1983 264 2020 S.
288 1996 324 2025 4.
370 1986 486 2018 Tertio
507 1995 586 2018 vasa
609 1987 796 2027 splendida,
818 1986 851 2018 in
877 1987 990 2026 primis
1016 1986 1162 2027 tripodes
1185 1998 1221 2021 et
1244 1990 1382 2028 lebetes.
1466 2012 1523 2044 37⁴

231 2039 263 2078 §.
287 2049 322 2081 5.
369 2042 496 2082 Quarto
524 2042 628 2081 spolia
655 2042 806 2074 hostibus
831 2044 992 2075 detracta.
1089 2063 1101 2076 .
1187 2067 1201 2083 .
1288 2072 1302 2086 ,
1384 2077 1398 2088 ,
1463 2070 1519 2103 37·

105 2095 214 2138 Caput
236 2097 279 2129 X.
327 2098 379 2130 De
401 2098 686 2131 Divinationibus.

233 2153 264 2194 ς.
290 2162 319 2186 1.
363 2154 417 2186 De
436 2153 640 2187 divinatione
660 2153 813 2188 universe
835 2156 966 2197 agitur,
989 2155 1082 2196 cujus
1107 2158 1194 2192 haud
1216 2163 1303 2201 apud
1323 2173 1439 2202 omnes

189 2208 371 2243 indubitata
395 2210 459 2244 fuit
485 2211 677 2244 auctoritas.
787 2234 798 2246 .
890 2235 902 2252 ‚
990 2235 1001 2247 .
1083 2236 1094 2247 .
1185 2236 1198 2248 .
1286 2240 1298 2252 .
1383 2244 1396 2258 ,
1463 2230 1519 2271 33·

233 2266 267 2307 ς.
290 2278 342 2300 2..
366 2267 420 2300 De
448 2267 672 2306 divinatione,-
704 2276 787 2307 quae
810 2266 847 2299 fit
874 2277 992 2300 arcano
1018 2270 1159 2303 numinis
1181 2270 1360 2310 instinctu:
1395 2283 1436 2316 de

188 2322 322 2357 oraculo
332 2322 537 2362 Dodonaeo,
554 2321 646 2361 cujus
658 2331 733 2354 cura
747 2322 844 2354 Sellis
859 2324 1050 2356 demandata
1073 2324 1153 2365 fuit,-
1168 2334 1266 2367 atque
1279 2331 1416 2373 Pythio.
1460 2351 1515 2385 39.

231 2377 261 2418 ς.
288 2388 324 2417 3.
368 2378 421 2410 De
452 2379 608 2424 auspiciis
636 2386 670 2411 et
694 2380 858 2421 auguriis,
889 2389 972 2420 quae
999 2382 1038 2412 ah
1064 2381 1292 2426 ὀιωνοπόλοις
1323 2395 1433 2434 capi&

187 2433 328 2474 bantur,
350 2443 489 2474 quorum
514 2435 650 2468 scientia
665 2435 841 2476 exponitur
863 2444 897 2468 et
918 2437 999 2471 ritus
1023 2442 1192 2475 traduntur
1210 2445 1243 2478 in
1264 2449 1429 2486 ominibus

189 2491 358 2530 captandis
383 2492 423 2524 ab
448 2492 488 2523 iis
515 2492 694 2525 observati.
772 2510 784 2525 .
871 2513 883 2524 .
971 2515 984 2527 .
1075 2520 1087 2530 .
1176 2521 1189 2532 .
1281 2524 1293 2538 .
1380 2529 1392 2542 ‚
1457 2522 1514 2554 40.

224 2545 256 2583 S.
280 2556 315 2587 4.
360 2547 414 2579 De
439 2548 641 2581 divinatione
668 2558 710 2581 ex
735 2549 896 2589 somniis,
921 2557 955 2583 et
976 2549 1231 2598 ὀνειροπόλους.
1278 2581 1290 2592 .
1378 2585 1390 2598 ,
1453 2576 1509 2609 41⁴

224 2603 258 2644 ς.
282 2612 315 2643 5.
355 2605 407 2637 De
431 2605 605 2644 extispicio
627 2613 662 2638 et
684 2605 886 2642 θυοσκόοις.
979 2631 991 2643 ,
1079 2634 1093 2646 ,

223 2657 255 2694 S.
278 2658 314 2691 6.
359 2659 414 2693 De
437 2660 703 2703 sternutatione,
726 2672 808 2703 quae
832 2663 908 2697 boni
935 2665 1052 2699 ominis
1080 2667 1191 2702 habita
1217 2679 1281 2707 est.
1377 2697 1388 2710 .
1453 2687 1512 2719 42.

1063 2721 1133 2740 *n*
1154 2733 1175 2758 2
1447 2735 1512 2767 cd«
