1780 3120
598 124 1171 181 HOMERICm
1512 129 1600 196 ιφ

179 264 306 328 Relei
330 261 450 326 regia
474 266 560 319 Διὸς
583 265 752 328 Ἑρκείου
779 279 856 309 ara
882 271 979 309 erat
1007 269 1235 309 exstructa
1255 298 1268 321 ,
1304 261 1354 309 in
1384 280 1474 330 qua
1501 264 1594 310 Zeo

179 329 354 378 libabat
379 345 522 375 senex

305 396 477 441 Σπένδων
508 399 644 442 αἴθοπα
669 391 756 441 οἶνον
781 394 835 442 ἐπ’
850 397 1046 455 ἇιθομένοις
1069 400 1194 456 ἱεροῖσι
1216 404 1252 440 ¹.

169 458 350 507 Eodem
381 458 483 507 loco
508 460 776 508 Phaeacum
801 459 898 523 regi
924 459 1118 507 Alcinoo·
1159 459 1263 506 fons
1295 456 1408 518 fuit,
1442 459 1521 524 qui

303 559 315 572 .
353 560 366 573 .
404 561 416 573 .
450 559 476 587 .⁴
500 559 760 577 ......
796 528 855 573 ὑπ’
877 528 991 579 αὐλῆς
1010 527 1109 572 οὐδὲν
1125 530 1205 580 ἵησι

302 593 406 655 Πρὸς
429 594 537 654 δόμον
567 595 704 653 ὑψηλὸν
719 628 732 649 ,
763 594 843 638 ’ἑθεν
868 593 1051 654 ὑδρεύοντο
1076 595 1219 637 πολῖται
1242 600 1279 637 2.

172 652 316 703 Aulae
362 659 608 720 conjuncta
649 664 719 702 est
771 658 976 720 porticus
998 694 1009 715 ‚
1061 661 1241 713 αἴθουσα,
1291 672 1408 720 quae
1443 662 1587 702 totam

170 725 288 773 αὐλὴν
312 722 483 785 cingit,
517 720 643 768 unde
672 720 909 768 interdum
948 730 1131 768 vocatur
1154 726 1306 775 αἴθουση
1339 725 1499 782 εὐερκέος
1521 725 1587 767 αὖ·

164 789 229 840 λῆς
252 786 288 832 3.
354 787 411 832 In
440 804 531 850 qua
561 787 746 850 porticu
779 786 933 850 plures
962 786 1080 834 fores
1112 785 1315 845 adsunt,
1352 803 1469 852 quae
1501 786 1586 832 slu-

164 859 278 898 cunt
305 849 364 896 ad
385 855 598 913 θάλαμους,
633 867 748 917 quos
769 851 1000 916 sigillatim
1041 852 1213 917 positos
1250 852 1586 916 patrisfamilias

161 915 244 966 filii
281 924 416 982 atque
454 917 611 980 generi
650 927 901 983 occupant.
967 920 1129 983 Itaque
1168 918 1355 980 thalami
1396 923 1505 978 δόμου
1528 918 1583 976 4,

158 981 208 1028 id
240 990 343 1039 est,
394 985 535 1030 totius
569 981 740 1029 domus
775 984 906 1029 intra
944 986 1048 1046 ἕρκος
1071 1021 1082 1040 ,
1129 992 1313 1046 partem
1356 983 1580 1031 efficiunt.

156 1046 213 1092 In
251 1048 420 1094 Priami
449 1048 573 1109 regia
609 1048 941 1112 quinquaginta
983 1048 1211 1112 ejusmodi
1250 1052 1408 1111 θοιὶοιμοι
1457 1049 1575 1112 regis

155 1111 263 1159 filiis
282 1150 294 1172 ‚
330 1111 578 1159 duodecim
610 1113 793 1175 generis
824 1114 1045 1159 exstructi
1077 1121 1234 1160 erant:

289 1210 936 1227 ..............
972 1184 1009 1224 ἐν
1038 1181 1139 1241 αὐτῷ
1161 1178 1183 1212 5

283 1246 504 1298 Πεντήκοντ’
533 1246 666 1290 ἔνεσαν
689 1247 848 1305 θάλαμοι
881 1245 1017 1298 ξεστοῖο
1043 1247 1179 1302 λίθοιο,

281 1312 443 1363 Πλησίσι
466 1312 636 1362 ἀλλήλων
664 1311 903 1371 δεδμημένοι·
938 1313 1064 1357 ἐνθάδε
1096 1314 1224 1364 παῖδες

276 1377 472 1436 Κοιμῶντο
492 1379 678 1438 Πριάμοιο
699 1382 804 1438 παρὰ
836 1377 1003 1436 μνηστῇς
1030 1379 1209 1437 ἀλόχοισι.

278 1442 462 1502 Κουροὶων
485 1441 520 1485 δ’
536 1445 711 1502 ἑτέρωθεν
732 1445 882 1486 ἐναντίοι
912 1439 1052 1484 ἔνδοθεν
1079 1443 1193 1492 αὐλῆς

277 1506 420 1552 Δώδεν]
449 1506 543 1551 ἔσαν
567 1515 680 1566 τέγεοι
707 1508 866 1566 θοὶλοιμοι
899 1524 937 1550 κ.
976 1523 1012 1549 τ,
1041 1507 1075 1549 λ.
1101 1504 1138 1547 (5.

143 1566 202 1613 In
239 1568 341 1616 aula
369 1567 524 1616 media
566 1567 638 1616 vel
680 1567 765 1615 alia
792 1585 1068 1634 quacunque
1107 1570 1206 1632 ejus
1243 1578 1377 1634 parte
1422 1572 1561 1622 Tele-

144 1633 310 1680 macho
340 1634 570 1681 thalamus
597 1634 712 1692 suit,
748 1633 806 1681 de
839 1651 929 1699 quo
957 1635 1131 1680 Poeta:

284 1704 510 1762 Τηλέμαχος
529 1700 567 1746 δ’
587 1739 599 1759 ,
628 1703 683 1746 ’σ’θι
708 1707 738 1746 οἱ
771 1704 935 1762 θάλαμος
961 1703 1195 1764 περικαλλέος
1222 1705 1339 1758 αὐλῆς

269 1765 430 1827 Ὑψηλὸς
457 1769 616 1827 δέδμητο
632 1801 644 1822 ,
675 1773 910 1829 περισκέπτῳ
934 1771 983 1812 ε’νί
1009 1773 1150 1828 χώρῳ,

256 1828 372 1876 Ἔνθ’
391 1831 465 1890 ἔβη
494 1836 544 1885 εἰς
563 1834 668 1884 εὐνὴν
686 1868 699 1889 ,
733 1835 853 1876 πολλοὶ
883 1837 989 1894 φρεσὶ
1019 1838 1257 1893 μερμηρίζων
1280 1843 1315 1879 7.

130 1893 262 1941 Atrii
294 1912 430 1958 pars,
465 1913 557 1959 qua
588 1896 794 1957 porticus
818 1905 922 1941 ante
955 1904 1118 1956 μεγάρου
1146 1896 1266 1942 fores
1304 1898 1558 1964 porrigitur

140 1968 188 2006 et
213 1959 430 2007 introitus
455 1966 584 2024 patet
600 1965 650 2012 εἰς
674 1967 835 2022 μέγαρον
853 1997 865 2019 ,
900 1962 1166 2007 nominatur
1187 1964 1362 2025 πρόδομος
1385 1965 1421 2010 8.
1469 1966 1555 2014 Ὑπ·

137 2029 315 2089 αἰθούσῃ,
351 2025 403 2073 in
443 2025 648 2092 porticus
683 2033 815 2091 parte
854 2027 1062 2092 proxime
1105 2026 1259 2091 ipsum
1289 2037 1450 2095 μέγαρον
1479 2041 1554 2078 at*

1467 2106 1564 2145 tln-

184 2232 223 2277 ι)
247 2233 292 2272 11.
309 2234 376 2279 XI,
401 2236 468 2282 773
487 2247 582 2281 seqq.
629 2233 683 2271 Cf.
715 2234 779 2271 od.
805 2235 923 2281 XXII,
955 2237 1036 2273 534.
1069 2244 1104 2272 et
1133 2249 1192 2273 nos
1227 2240 1265 2275 L.
1287 2251 1319 2275 1.
1355 2251 1382 2276 c.
1406 2254 1437 2277 2.
1464 2243 1496 2288 §-
1522 2255 1556 2280 2.

139 2286 180 2330 2)
203 2288 268 2322 Od.
292 2289 401 2335 VIII,
426 2292 490 2326 150
516 2302 589 2335 seq·
717 2289 755 2333 5)
779 2289 824 2326 11.
855 2291 922 2335 lx,
947 2292 1028 2326 468.
1075 2291 1128 2328 Cf.
1158 2293 1224 2327 Od.
1257 2294 1373 2334 XXII,
1407 2297 1485 2341 449.
1522 2304 1558 2332 et

141 2340 278 2388 XXIII,
321 2345 381 2390 49.
443 2345 495 2379 De
531 2343 623 2379 vocis
664 2351 779 2389 etymo
822 2345 892 2381 vid.
934 2345 1116 2382 Scholiast.
1162 2355 1197 2382 et
1238 2348 1387 2394 Interpr.
1429 2358 1559 2387 recent.

142 2394 183 2439 4)
210 2395 304 2438 Quae
328 2405 443 2433 tamen
470 2412 531 2434 vox
552 2398 725 2434 interdum
750 2399 854 2433 etiam
875 2409 1003 2435 certam
1027 2409 1062 2436 et
1089 2402 1266 2437 definitam
1283 2403 1402 2438 domus
1426 2413 1561 2449 partem

141 2449 308 2494 designat.
429 2454 468 2499 5)
496 2455 622 2495 Δόμον
647 2453 745 2487 dicit.
869 2454 906 2498 6)
933 2455 975 2491 Il.
996 2456 1046 2490 Vl
1064 2483 1073 2500 ,
1098 2459 1165 2492 245
1190 2470 1282 2502 seqq.
1315 2457 1358 2490 ad
1390 2470 1422 2502 q.
1440 2458 1463 2492 l.
1487 2459 1558 2496 vid.

142 2503 255 2550 Heyn.
281 2514 315 2540 et
336 2507 446 2554 Ksspp.
495 2509 549 2546 Cf.
572 2509 618 2545 Il.
639 2509 709 2552 IX,
734 2509 801 2554 473
822 2516 856 2543 et
876 2509 1026 2546 Nitzsch.
1052 2509 1095 2544 ad
1130 2511 1195 2547 Od.
1215 2511 1287 2555 III,
1314 2513 1391 2557 569.
1428 2512 1469 2546 de
1494 2526 1560 2548 cu-

141 2557 195 2602 jus
217 2572 318 2604 opere
339 2561 546 2600 CLDissen.
574 2562 733 2598 retulisse
764 2562 861 2598 video
896 2564 932 2599 in
959 2565 1116 2610 Gottiug.
1155 2565 1299 2600 Gelehr-
1331 2567 1415 2602 Auz.
1454 2567 1561 2608 Febr.

139 2614 298 2705 ἰξοφόρ.
317 2618 396 2663 278.
528 2618 567 2666 7)
591 2617 656 2657 Od.
677 2617 717 2666 1,
740 2619 807 2656 425
829 2630 925 2666 seqq,
1055 2621 1094 2665 8)
1120 2620 1199 2658 Vld.
1225 2620 1265 2660 ΙΙ.
1291 2619 1340 2656 lx
1353 2648 1364 2667 ,
1387 2622 1467 2669 469.
1491 2622 1559 2662 Od-

206 2695 216 2713 ‚
264 2681 320 2709 ua·

1076 2728 1150 2764 ΝΖ
