1780 3120
355 130 860 202 ANTIQUITAS
923 139 1361 191 HOMERICA.
1507 135 1570 187 63

289 273 365 332 Ἐν
389 282 525 328 σπέσσι
550 276 792 337 γλαφυροῖσι·
826 274 1028 332 θεμιστεύει
1061 274 1101 319 δὲ
1123 272 1277 325 ἕκαστος

291 342 448 394 Παίδων
475 339 536 393 ἠδ’
556 342 726 400 ἀλόχων·
763 337 839 384 01:5⁸⁹
861 340 1033 390 ἀλλήλων
1060 340 1230 399 ἀλέγουσι
1253 347 1289 383 ¹.

227 405 267 470 ξ.
303 421 348 451 2.
422 402 522 451 Ubi
561 420 673 451 vero
717 401 1035 466 agriculturaeffl
1065 401 1270 448 studium
1309 399 1581 461 invaluerat,

162 469 300 517 certis
328 469 517 519 sedibus
559 467 869 516 consederunt
909 477 954 513 ct
988 476 1271 523 mercatura,
1310 481 1390 511 seu
1427 466 1578 529 potius

158 552 316 583 rerum
347 572 359 591 ,
411 535 579 601 quibus
623 533 936 595 indigebant,
985 531 1327 597 pernmtatione
1370 533 1578 594 cognita,

157 619 266 652 cum
297 599 384 650 alia
406 639 417 657 ,
455 610 506 647 ut
540 599 686 652 solet,
719 598 841 646 bona
874 602 1056 657 onmia,
1102 607 1201 644 tum
1241 597 1377 643 etiam
1418 596 1582 643 civita-

159 675 260 725 tes,
295 666 634 730 qualescunque
682 665 905 724 tandem,
942 665 1213 711 exstiterunt
1237 675 1273 706 2.
1342 661 1415 709 Ad
1454 661 1579 708 hunc

158 731 254 781 sere
288 731 437 778 cultus
467 732 658 794 gradum
694 731 882 777 heroica
932 739 1076 776 aetate
1120 728 1452 786 escenderunt,
1486 744 1578 791 quo

157 796 349 862 quidem
375 805 585 860 tempore
611 813 717 842 cum
758 805 1016 842 mercatura
1045 793 1240 841 effloruit
1269 793 1547 858 agricultura
1565 829 1579 851 ,

168 864 219 907 in
254 864 387 927 cujus
425 879 560 907 usum
593 870 713 907 artes
750 861 1005 908 nonnullae
1050 861 1198 908 cultae
1232 868 1340 906 sunt
1379 867 1426 905 et
1465 858 1577 905 civi-

154 926 262 973 tatis
302 928 448 977 forma
480 925 707 992 quaedam
752 927 971 973 constitui
1005 927 1173 991 coepit.
1242 926 1395 984 Quam
1423 924 1581 972 civita-

153 1000 255 1038 tum
301 992 495 1044 formam
539 993 589 1039 in
637 991 939 1059 sequentibus
995 991 1276 1057 descripturi
1317 991 1577 1037 Homerum

153 1073 310 1123 presse
332 1074 597 1122 sequemur.

230 1123 270 1186 §.
319 1122 364 1169 3.
443 1122 662 1170 Civitates
701 1139 725 1169 e
769 1120 950 1169 familiis
990 1139 1187 1170 numero
1227 1120 1372 1168 auctis
1419 1130 1579 1183 ortae,

151 1197 398 1254 postquam
430 1187 751 1245 adoleverant,
787 1188 977 1251 originis
1007 1190 1145 1236 etiam
1169 1196 1385 1234 naturam
1410 1189 1577 1236 retule-

152 1261 281 1304 runt.
345 1253 416 1302 Ut
446 1254 667 1318 princeps
700 1253 750 1299 in
774 1253 862 1300 illis
893 1271 1001 1300 cum
1028 1253 1145 1302 belli
1173 1262 1273 1299 tum
1304 1254 1431 1318 pacis
1457 1261 1578 1301 tem-

151 1334 266 1384 pore
303 1317 454 1365 suerat
488 1318 842 1384 paterfamilias,
879 1319 939 1365 ita
983 1321 1031 1366 in
1071 1319 1145 1366 his
1176 1336 1362 1384 quoque
1393 1336 1574 1368 summa

148 1400 296 1449 penes
343 1392 458 1430 natu
493 1387 689 1450 majores
722 1392 920 1448 potestas
956 1394 1081 1444 erat,
1128 1386 1210 1449 qui
1255 1387 1423 1443 βασιλεῖς
1460 1383 1580 1433 dicti

152 1448 331 1496 'civitati
364 1465 471 1495 suae
517 1448 627 1494 belli
662 1448 803 1495 duces
841 1459 996 1496 essent
1023 1459 1069 1496 et
1099 1450 1294 1512 judices.
1364 1451 1490 1510 Quot
1512 1451 1578 1498 ci-

151 1514 315 1561 vitates
335 1551 347 1571 ‚
384 1523 454 1560 tot
481 1530 610 1577 reges
652 1515 872 1569 fuerunt,
908 1517 988 1580 qui
1018 1514 1183 1562 eodem
1216 1531 1378 1562 omnes
1410 1517 1459 1563 in
1496 1533 1577 1564 sua

149 1579 346 1644 quisque
384 1579 569 1626 civitate
612 1581 712 1642 jure
745 1579 998 1642 gaudentes
1046 1590 1092 1626 et
1130 1589 1356 1645 potestate
1395 1582 1577 1629 nemini

150 1645 240 1692 nisi
262 1642 437 1708 legibus
465 1644 713 1708 parebant,
748 1664 835 1692 nec
866 1646 954 1692 nisi
980 1646 1039 1693 ad
1072 1663 1372 1692 communem
1391 1683 1402 1704 ,
1439 1648 1476 1694 si
1501 1664 1575 1695 res

151 1718 199 1765 et
226 1709 437 1760 voluntas
468 1711 529 1756 ita
566 1709 776 1757 ferebant
796 1748 807 1769 ,
843 1711 1189 1774 expeditionem
1217 1714 1280 1758 ita
1307 1728 1354 1757 se
1384 1711 1574 1761 alterius

149 1775 368 1840 potestati
393 1773 753 1832 submittebant,
784 1784 864 1833 ut,
899 1776 1024 1824 bello
1050 1778 1209 1835 finito,
1246 1794 1408 1834 suum,
1446 1778 1573 1844 quod

150 1841 318 1904 majori
357 1849 406 1886 et
439 1841 693 1904 potentiori
735 1841 796 1887 ad
834 1851 1017 1906 tempus
1049 1844 1169 1889 ultro
1196 1852 1459 1902 cesserant,
1496 1847 1571 1908 jus

150 1914 288 1970 atque
323 1905 570 1952 arbitrium
609 1915 816 1952 maneret
850 1907 1082 1970 integrum
1107 1908 1143 1953 5.
1215 1907 1315 1954 Nec
1353 1909 1491 1972 igitur
1515 1909 1573 1956 il·-

147 1969 343 2018 limitata
387 1970 573 2033 regibus
604 1979 836 2035 potestas,
875 1987 964 2018 nec
999 1972 1292 2020 monarchica
1332 1974 1572 2036 regiminis

146 2036 297 2082 forma
336 2034 595 2082 civitatibus
637 2036 740 2083 suit.
808 2038 949 2083 Mixta
985 2046 1106 2094 erat,
1149 2040 1420 2086 monarchia
1461 2059 1571 2088 con-

145 2110 302 2160 stans,
336 2101 618 2148 aristocratia
661 2109 708 2147 et
741 2100 1021 2149 democratia
1044 2104 1102 2162 4,
1137 2121 1332 2167 quarum
1359 2107 1569 2155 omnium

148 2176 198 2213 et
226 2166 350 2214 bona
371 2165 538 2213 habuit
565 2176 614 2213 et
643 2165 776 2216 mala.
845 2168 948 2216 Suis
967 2167 1196 2228 limitibus
1225 2170 1568 2238 circumscripti

145 2231 337 2279 fuerunt
367 2235 571 2290 βασιλεὺς,
605 2235 762 2287 ἄνακτες
799 2241 847 2279 et
885 2237 1025 2296 δῆμος,
1060 2235 1124 2281 ita
1148 2242 1200 2281 ut
1230 2236 1399 2300 cuique
1435 2239 1566 2303 quasi

149 2296 306 2345 ordini
353 2314 434 2345 sua
474 2298 528 2346 in
562 2298 746 2348 civitate
784 2301 888 2366 jura
911 2308 1080 2363 ⁴essent
1103 2309 1151 2347 et
1184 2299 1349 2350 officia.
1417 2304 1491 2352 Ex
1513 2304 1570 2351 il-

1512 2368 1567 2416 lis

194 2492 231 2535 ι)
254 2491 317 2529 Od.
340 2493 408 2539 lx,
435 2495 499 2529 106
519 2505 611 2539 seqq.
714 2492 752 2537 2)
778 2492 832 2529 Cf.
855 2493 907 2531 cl.
930 2494 975 2531 G.
997 2495 1144 2532 Heusdii
1167 2497 1327 2538 Diatrihe
1348 2498 1385 2532 in
1406 2498 1564 2535 civitates

147 2546 319 2591 antiquas.
417 2548 455 2592 5)
481 2547 536 2585 Cf.
562 2546 812 2584 Waehsmuth.
838 2549 903 2594 Op·
921 2549 948 2585 l.
979 2550 1047 2585 vol.
1066 2551 1097 2587 1.
1118 2564 1153 2598 p.
1176 2555 1219 2598 95
1236 2565 1330 2598 seqq.
1440 2552 1480 2597 4)
1506 2553 1559 2593 Cf.

148 2601 296 2645 Goguet.
318 2601 384 2650 Op.
402 2602 427 2639 L
451 2609 536 2639 tom.
557 2602 604 2639 ΙΙ.
630 2610 696 2639 art.
722 2616 752 2650 7.
779 2602 825 2637 du
852 2613 1130 2648 gouvernement.
1176 2606 1459 2641 Aristocraticam
1471 2607 1564 2643 suis-

145 2666 181 2689 ae
197 2655 320 2690 statuit
330 2655 472 2697 Mulier.
494 2657 561 2703 Op.
580 2657 604 2695 l.
628 2657 697 2697 vol.
710 2656 775 2694 111.
800 2670 834 2702 p·
848 2671 879 2704 9.
925 2659 981 2698 cf.
1005 2659 1155 2697 Nitzsch.
1175 2661 1217 2696 ad
1240 2660 1392 2708 0d.121,
1410 2671 1455 2708 14
1467 2674 1560 2710 seqq.
