1780 3120
163 153 233 211 κ’
530 152 1201 216 'ANTIQUITAS

166 296 238 357 jus
267 305 404 338 usum
435 296 483 335 et
528 287 622 335 vim
663 284 826 350 quanti
865 284 1076 343 fecerint,
1128 302 1184 333 ex
1219 286 1357 335 unius
1398 288 1579 354 Ulyssis

170 355 355 413 verbis,
390 364 511 401 κακῶν
550 353 639 406 ἄκος
677 351 789 398 illud
815 352 1153 414 nuncupantis,
1188 353 1353 417 cuique
1387 363 1514 419 patet
1538 367 1576 402 ².

171 421 235 471 Et
273 436 382 467 vero
423 420 522 483 ipse
558 419 608 464 in
646 415 784 463 domo
819 434 844 462 a
875 432 1124 478 procorum
1168 417 1305 463 caede
1343 418 1577 466 lustranda

173 487 395 552 sulphure
425 500 533 530 usus
565 491 662 539 est,
700 482 833 541 eique
870 482 1026 542 ignem
1062 479 1298 543 adjunxit,
1324 488 1464 548 ¹cujus
1482 485 1580 530 sin-

174 554 376 617 gularem
405 566 502 595 esse
533 548 583 594 in
620 546 961 612 expiationibus
992 545 1084 593 vim
1111 546 1361 594 credebant
1400 557 1446 595 et
1484 549 1582 596 effi-

173 619 410 665 cacitatem
433 626 469 661 2.

239 684 280 746 ἓ.
315 681 363 728 3.
430 679 504 726 Ne
539 677 712 742 impuri
756 675 817 724 ad
852 677 973 723 Deos
1007 676 1312 736 accederent,
1356 684 1409 724 ut
1449 694 1587 742 supra

175 746 376 796 diximus
395 782 407 804 ‚
455 744 672 809 precibus
707 742 779 790 vel
810 741 1041 789 sacrificiis
1072 758 1149 789 eos
1191 741 1359 790 adituri
1390 759 1436 789 se
1464 742 1593 790 lava--

177 832 229 862 re
255 819 616 869 consueverant,
648 809 896 874 praecipue
936 823 1040 854 vero
1079 824 1155 853 eos
1197 807 1458 855 lustrandos
1490 823 1593 854 esse

180 877 459 936 censebant,
494 876 574 940 qui
617 875 835 939 sanguine
867 889 915 920 se
946 872 1232 939 polluissent.
1311 873 1434 920 Hinc
1476 871 1592 921 illud

178 944 418 993 Hectoris:

512 1041 525 1053 .
560 1007 640 1053 οὐδέ
670 1025 720 1058 πη
754 1007 858 1058 ἐστὶ,
893 1006 1101 1068 κελαινεφέϊ
1125 1006 1305 1067 Κρονίωνι

197 1115 205 1122 .
232 1118 234 1120 .
375 1076 518 1133 Αἵματι
553 1076 616 1118 καὶ
649 1073 771 1133 λύθρῳ
804 1071 1088 1131 πεπαλαγμένον
1122 1072 1374 1131 εὐχετάασθαι
1396 1069 1434 1116 5.

186 1139 367 1190 Eadem
396 1139 570 1184 ratione
593 1135 687 1193 illi,
721 1133 802 1199 qui
832 1149 1080 1198 procorum
1108 1134 1298 1181 caedem
1326 1132 1595 1195 ediderant,

185 1208 239 1255 in
261 1203 442 1270 Ulyssis
472 1202 664 1249 domum
696 1216 793 1246 non
828 1198 1053 1259 redeunt,
1090 1199 1182 1245 nisi

346 1302 655 1318 .......
687 1269 945 1325 ἀπονιψάμενοι
977 1277 1105 1328 χεῖρας
1138 1285 1178 1312 τε
1210 1269 1322 1320 πόδας
1356 1286 1396 1312 τε
1416 1266 1458 1313 4.

189 1337 317 1397 Quin
347 1333 486 1380 etiam
525 1339 620 1377 tota
645 1329 826 1390 Ulyssis
854 1329 1019 1372 domus
1055 1331 1293 1375 lustranda
1315 1330 1404 1375 fuit
1424 1329 1463 1376 5.
1530 1328 1605 1375 Ex

190 1398 264 1450 his
295 1399 487 1461 aliisque
524 1393 634 1440 locis
673 1400 798 1456 patet
830 1407 923 1436 non
946 1391 1226 1453 singulorum
1247 1402 1430 1440 tantum
1456 1392 1605 1440 homi-

191 1485 308 1516 num
340 1463 422 1511 sed
451 1469 497 1506 et
534 1459 757 1505 domuum
796 1464 933 1521 atque
966 1457 1169 1503 universi
1199 1459 1313 1506 adeo
1348 1458 1507 1523 populi
1535 1457 1607 1504 lu-

196 1531 467 1581 strationem
502 1524 741 1570 interdum
772 1521 937 1567 factam
981 1537 1078 1567 esse
1100 1522 1140 1570 ὅ.
1206 1524 1320 1571 Aliis
1359 1525 1495 1570 etiam
1545 1522 1608 1568 de

196 1595 342 1647 causis
376 1590 688 1639 lustrabantur
724 1586 861 1650 hujus
899 1587 997 1632 aevi
1033 1586 1260 1636 homines.
1332 1587 1605 1653 Cujusmodi

195 1663 273 1712 illa
305 1660 393 1707 fuit
427 1655 660 1710 lustratio,
705 1667 821 1716 quae
869 1652 1224 1713 Agamemnonis
1266 1656 1389 1717 jussu
1437 1652 1610 1699 sollen-

195 1731 319 1776 niter
354 1722 493 1771 fiebat
525 1722 575 1766 in
609 1719 892 1764 Graecorum
918 1717 1118 1762 exercitu
1142 1756 1153 1777 ‚
1188 1736 1333 1784 quum
1356 1718 1520 1784 Apollo
1545 1716 1611 1765 ob-

198 1794 373 1842 laesum
403 1803 540 1836 suum
569 1781 855 1831 sacerdotem
887 1789 984 1827 erat
1011 1780 1288 1846 placandus:

426 1854 550 1901 Λαςῦς
577 1847 613 1898 δ’
638 1846 835 1908 Ἀτρείδης
865 1849 1180 1907 ἀπολυμαίνεσθαι
1210 1849 1370 1912 ἄνωγεν·

422 1922 475 1963 Oi
508 1913 545 1963 δ’
568 1917 848 1973 ἀπελυμαίνοντο
871 1922 904 1957 7.

1501 2260 1623 2310 CA-

262 2417 300 2463 1)
322 2411 508 2457 offlxxn,
532 2412 611 2446 481.
678 2409 717 2454 2)
743 2409 822 2447 vid.
847 2410 912 2446 Od·
937 2411 977 2447 L.
993 2410 1017 2447 I.
1043 2407 1162 2446 vs,481
1178 2435 1188 2452 ,
1211 2408 1291 2453 493.
1358 2407 1396 2451 5)
1421 2407 1630 2454 11.V1‚267·

208 2486 286 2518 seq.
388 2469 427 2514 4)
452 2466 514 2502 Οὐ.
539 2465 631 2498 XXII
649 2493 659 2509 ‚
681 2467 761 2511 478.
854 2465 896 2510 5)
920 2464 984 2502 Od.
1009 2464 1032 2500 l.
1052 2464 1075 2500 l.
1102 2475 1148 2498 vs.
1171 2463 1234 2498 481
1260 2474 1354 2507 seqq.
1402 2462 1544 2496 Graecis
1566 2462 1627 2496 lu-

214 2537 323 2564 strare
348 2531 400 2558 est
423 2521 763 2565 ἀπολυμαίνεσθαι,
787 2519 1137 2564 ἅποκαθαίρεσθαι,
1163 2518 1371 2560 καθαίρων,
1487 2519 1524 2560 6)
1550 2516 1626 2550 flue

207 2583 300 2621 ,facit
323 2579 427 2613 etiam
458 2588 534 2610 mox
561 2575 717 2608 citandus
743 2575 837 2608 locus
867 2573 907 2608 ΙΙ.
933 2573 973 2617 1,
1000 2575 1075 2608 515.
1108 2571 1159 2604 De
1183 2578 1396 2604 mortuorum
1424 2570 1626 2604 lustratione

209 2638 281 2672 sid.
316 2633 406 2667 infra
431 2644 458 2665 c.
482 2642 534 2665 ra.
561 2632 592 2675 ς.
616 2642 646 2670 2.
761 2629 797 2673 7)
824 2627 865 2664 ll.
890 2627 913 2663 l.
937 2628 962 2664 l.
1010 2626 1062 2663 Cs.
1095 2638 1143 2661 vs.
1167 2627 1246 2671 1149.
1276 2632 1311 2659 et
1342 2624 1528 2659 Pausanias
1562 2626 1631 2658 Ar·-

216 2689 327 2725 eadie.
363 2687 401 2722 L.
425 2683 521 2719 vul.
545 2696 575 2719 c.
595 2685 648 2718 41.
673 2695 704 2729 p.
726 2684 804 2718 653.
