1780 3120
551 158 1118 213 Honsssslcss
1451 166 1551 231 δῳ

128 288 312 346 structis
335 307 386 356 ¹,
430 295 611 344 munita
647 304 744 342 erat
773 294 884 342 urbs
929 295 1097 361 Troia,
1139 293 1306 360 quibus
1349 295 1544 344 aderant

124 373 338 420 πυαωροί,
374 363 530 427 quiex
560 361 732 406 Priami
761 361 977 406 mandato
1007 371 1162 425 aperta
1203 369 1333 424 porta
1364 362 1540 421 fugien-

154 446 200 475 es
226 430 450 492 Trojanos
485 426 782 490 exciperent,
817 435 864 472 et
896 425 1074 472 reclusa
1112 424 1274 472 eadem
1307 426 1540 474 Achillem

131 495 387 541 irruentem
424 501 651 539 arcerent.
717 491 899 551 Quibus
925 496 1127 556 πυλαωρςῖς
1157 490 1391 538 mandavit
1413 495 1542 540 Pria-

130 576 261 607 mus:

260 662 271 673 .
409 659 421 669 .
458 629 538 670 ἐπεί
563 621 603 668 κ’
626 628 663 677 ἐς
689 635 808 685 τεῖχες
831 628 1106 671 ἀναπνεύσωσιν
1133 627 1302 680 ἀλέντες,

260 689 371 743 Αῧτις
402 685 459 735 ἐπ’
490 692 546 751 ἂψ
579 693 725 749 θέμεναι
753 690 902 742 σοι-,ἔδεις
928 701 1084 742 πυκινῆς
1113 696 1295 752 ἀραρυίας
1313 706 1324 716 ·

257 758 385 802 Δειόὶα
412 759 516 816 γὰρ,
549 760 602 812 μὴ
633 753 727 806 εἷλες
749 760 844 815 ἀνὴρ
872 759 905 807 ἐς
937 767 1054 814 τεῖχος
1084 753 1221 807 ἅληται
1242 766 1279 801 2.

122 820 222 867 Nec
257 829 437 864 tantum
468 817 722 863 incolarum
753 827 850 863 arte
880 828 924 864 et
954 818 1205 877 industria,
1236 819 1320 867 sed
1349 829 1543 868 naturae

123 901 304 949 quoque
324 883 548 929 beneficio
578 881 636 928 ab
668 883 797 929 hoste
818 921 828 940 ‚
863 894 1088 949 quantum
1121 895 1326 947 poterat,
1361 889 1540 934 munita

122 960 171 995 et
199 959 299 995 tuta
324 949 411 996 fuit
434 948 591 1013 Troja.
662 952 697 994 A
725 957 853 1011 tergo
898 951 1025 996 enim
1059 951 1186 997 urbis
1225 954 1367 1015 surgit
1405 969 1539 1000 mons

118 1014 203 1060 Ida
221 1052 233 1074 ‚
269 1015 363 1060 sive
390 1015 569 1071 verius,
605 1022 658 1059 ut
686 1014 748 1059 ait
771 1013 1030 1078 Spolinius‚
1066 1018 1281 1063 continua
1307 1019 1539 1065 montium

123 1081 263 1126 series
292 1079 381 1125 alta
413 1087 460 1125 et
487 1078 679 1136 silvosa,
715 1097 856 1143 quam
898 1081 1091 1127 aesculis
1141 1091 1187 1128 et
1218 1082 1445 1129 abietibus
1476 1093 1542 1130 at-

123 1162 214 1209 que
254 1144 479 1192 fruticetis
520 1145 770 1198 consitam,
806 1146 988 1209 pascuis
1027 1148 1287 1205 virentem,
1323 1149 1537 1195 innume-

119 1213 182 1257 ris
217 1211 452 1274 irrigatam
483 1209 687 1256 fontibus
716 1218 764 1256 et
795 1210 952 1257 multis
981 1212 1211 1258 sinuatam
1248 1212 1537 1261 convallibus

119 1283 247 1323 tanta
285 1274 528 1322 oberrabat
569 1275 770 1321 ferarum
805 1277 968 1341 copia,
1004 1286 1057 1323 ut
1094 1279 1220 1324 ferax
1258 1279 1457 1325 serarum
1492 1289 1538 1326 et

121 1359 288 1406 parens
337 1341 584 1388 diceretur.
652 1342 694 1387 E
729 1342 863 1388 variis
902 1346 1002 1408 ejus
1050 1343 1368 1391 cacuminibus
1405 1363 1537 1408 prac-

119 1416 192 1454 ter
225 1407 405 1473 reliqua
436 1405 530 1451 duo
558 1407 917 1471 prominuerunt
962 1409 1152 1471 Gargari
1189 1418 1237 1455 et
1282 1412 1450 1469 Lecti,
1486 1411 1536 1458 in

119 1491 210 1538 quo
237 1474 389 1539 priore
427 1471 554 1517 Jovis
592 1470 720 1518 Idaei
758 1472 889 1519 lucus
917 1482 963 1520 et
991 1491 1067 1521 ara
1096 1476 1207 1531 fuit,
1242 1493 1350 1521 cum
1386 1485 1538 1538 poste-

118 1541 243 1593 rius,
280 1537 590 1603 promontorii
636 1537 804 1598 instar‚
838 1539 899 1585 ita
921 1577 932 1598 ,
982 1549 1035 1586 ut
1074 1540 1268 1587 Tenedo
1300 1540 1479 1587 insulae
1504 1559 1530 1588 e

116 1605 300 1668 regione
330 1605 469 1650 situm
503 1611 648 1658 esset,
685 1604 732 1648 in
777 1620 903 1650 mare
950 1606 1226 1669 (Aegaeum)
1264 1609 1466 1654 excurrit
1489 1608 1528 1656 3.

114 1669 190 1716 Ex
219 1670 307 1716 hac
345 1667 578 1715 montium
610 1668 729 1714 serie
770 1669 904 1716 multi
947 1670 1249 1736 profluebant
1286 1672 1446 1729 fluvii,
1484 1675 1535 1721 in

110 1734 280 1800 quibus
325 1732 601 1782 celebriores
632 1743 766 1780 erant
807 1734 924 1794 duo,
978 1736 1149 1784 Simois
1172 1737 1195 1770 4
1246 1738 1439 1802 inquam
1483 1748 1532 1785 et

115 1800 398 1846 Scamander
419 1799 440 1831 5
461 1814 541 1843 seu
590 1798 811 1847 Xanthus
835 1801 872 1847 6.
956 1801 1243 1849 Scamander
1284 1819 1429 1866 prope
1457 1821 1532 1852 ur-

111 1864 221 1912 bem
253 1881 279 1910 e
312 1863 495 1911 duobus
543 1861 750 1911 fontibus
772 1903 784 1922 ‚
836 1867 979 1914 altero
1016 1868 1166 1914 calido
1193 1905 1206 1926 ‚
1249 1868 1415 1931 frigido
1467 1870 1531 1917 a!-

110 1939 238 1989 tero,
272 1927 549 1977 scaturiebat
572 1939 591 1973 7
609 1967 622 1988 ,
659 1939 730 1986 et,
767 1939 821 1977 ut
847 1952 870 1979 a
896 1933 1059 1979 dextro
1085 1934 1253 1980 Simois
1274 1972 1285 1990 ,
1322 1936 1384 1981 ita
1412 1953 1436 1982 a
1465 1936 1530 1982 si-

114 1997 263 2043 nistro
290 1995 433 2042 latere
456 1993 479 2027 8
522 1994 805 2043 Scamander
832 2016 1048 2063 campum
1080 1999 1288 2046 secabat:
1326 2001 1407 2066 qui
1435 2001 1528 2048 duo

113 2060 271 2123 fluvii,
322 2061 424 2109 loco
470 2059 599 2106 haud
631 2062 695 2108 ita
738 2061 873 2128 longe
924 2081 950 2111 a
986 2067 1104 2112 mari
1148 2074 1330 2113 remoto
1354 2077 1376 2111 9
1424 2084 1530 2114 suas

1444 2150 1535 2180 un-

151 2246 190 2291 1)
213 2245 294 2284 vid.
327 2246 373 2285 11.
397 2247 459 2294 11,
491 2250 571 2294 809.
605 2247 662 2286 v,
696 2249 779 2284 466.
810 2247 919 2294 VIII,
950 2250 1010 2287 58.
1040 2249 1145 2294 XVI,
1179 2252 1260 2296 698.
1304 2250 1407 2291 XXI,
1441 2252 1524 2287 544.

108 2301 206 2336 XXII
221 2329 233 2347 ‚
258 2303 346 2348 194,
370 2305 451 2351 507.
579 2301 618 2345 2)
644 2301 689 2337 Il.
705 2302 802 2346 XXI,
828 2305 894 2338 534
912 2315 1008 2350 seqq.
1123 2305 1162 2349 5)
1187 2305 1241 2340 lta
1262 2306 1392 2351 Spohn.
1415 2306 1478 2351 Op.
1499 2306 1527 2343 l.

106 2368 141 2401 p-
165 2357 232 2401 14,
257 2358 312 2393 15.
335 2357 396 2403 qui
415 2356 549 2402 singula
575 2356 710 2390 idoneis
734 2369 771 2390 ex
803 2358 953 2393 Homero
985 2360 1104 2404 petitis
1123 2361 1333 2396 testimoniis
1354 2360 1527 2407 firmavit,

105 2421 192 2456 quae
227 2411 342 2446 omnia
372 2412 567 2447 describere
602 2411 782 2445 brevitatis
811 2413 925 2446 studio
959 2414 1167 2452 omittimus.
1309 2415 1348 2459 4)
1374 2415 1455 2450 Vid.
1482 2414 1528 2449 ΙΙ.

103 2463 180 2510 IV,
203 2467 282 2510 475.
307 2466 359 2511 V,
382 2470 469 2513 774,
496 2479 571 2513 7-77.
598 2465 669 2510 VI,
692 2469 729 2501 4.
747 2476 813 2504 etc.
930 2469 970 2511 5)
996 2469 1072 2506 vid.
1095 2470 1139 2506 Il.
1155 2469 1208 2515 V,
1234 2472 1298 2514 36,
1325 2471 1402 2516 774.
1429 2470 1526 2510 VII,

104 2521 183 2565 529.
207 2519 277 2565 XI,
299 2523 377 2567 499.
402 2521 492 2566 XII,
516 2533 570 2557 21.
689 2521 726 2564 G)
752 2521 832 2555 Vid.
856 2521 898 2560 Il¹
916 2522 989 2568 VI,
1013 2525 1047 2558 4.
1073 2523 1187 2569 V111,
1211 2526 1290 2560 560.
1315 2523 1417 2568 XIV,
1442 2526 1524 2567 432.

103 2571 188 2619 XX,
213 2576 269 2618 74.
291 2574 336 2612 al.
475 2576 513 2622 7)
540 2575 622 2611 vid.
659 2575 704 2610 11.
734 2576 852 2620 XXII,
877 2580 943 2612 144
969 2590 1064 2624 seqq.
1203 2579 1242 2622 8)
1269 2578 1352 2615 Vid.
1384 2579 1428 2614 ΙΙ.
1450 2578 1521 2622 ΧΙ,

109 2627 177 2663 498
197 2640 267 2674 seq.
291 2629 350 2663 cll.
367 2630 417 2666 VI
433 2660 442 2675 ,
467 2633 502 2666 4.
621 2630 658 2674 9)
686 2629 783 2664 Vado
804 2632 940 2676 pervius
961 2633 1169 2667 Scamander
1188 2632 1282 2667 haud
1303 2634 1423 2680 procul
1446 2643 1526 2669 ame

102 2689 217 2718 eastra
241 2681 381 2722 fluebat.
427 2684 508 2721 Vid.
530 2683 573 2721 ΙΙ.
595 2683 699 2731 XIV,
724 2687 802 2724 435.
826 2686 925 2734 XXI,
951 2700 983 2727 ι.
1006 2687 1143 2734 XXIV,
1167 2689 1247 2734 692.
