1780 3120
211 149 279 196 ω
587 144 1273 207 ANTIQUITAS

208 276 421 326 miretur.
492 275 612 324 Fide
662 274 785 324 enim
817 275 1068 338 agebantur
1103 275 1284 336 omnia,
1321 276 1381 324 de
1426 296 1516 344 qua
1562 288 1620 342 utg

207 350 437 393 constaret
465 377 476 397 ,
528 351 665 389 testes
711 342 989 402 invocabant
1041 343 1162 390 Deos
1189 381 1201 401 ‚
1250 342 1360 408 qui,
1407 354 1459 391 ut
1497 343 1609 395 dicti

204 409 372 456 factive
413 405 554 454 fidem
589 408 823 465 facerent,
863 408 950 472 ipsi
986 408 1123 454 etiam
1166 412 1317 472 jurare
1357 427 1612 457 consueve-

201 482 321 522 rant.
389 474 443 519 In
470 474 595 518 omni
620 482 773 518 autem
800 489 848 518 re
885 475 1114 535 graviore,
1149 475 1198 519 in
1230 473 1413 539 judiciis
1443 477 1492 522 in
1518 477 1612 541 pri·

200 540 322 597 mis,
358 538 653 603 pactionibus
695 547 742 584 et
783 538 1046 586 foederibus
1091 538 1392 603 jurejurando
1420 542 1611 589 uteban-

199 613 292 651 tur.
360 605 431 651 De
457 619 548 668 quo
575 604 828 668 generatim
856 622 1004 670 pauca
1043 603 1121 652 hic
1158 603 1248 651 loci
1278 605 1513 654 monenda
1540 608 1612 657 vi-

196 669 367 718 dentur
391 681 424 716 ².

274 735 312 799 §.
364 752 410 784 2.
486 736 559 783 Ex
603 733 937 783 immortalibus
983 734 1199 800 jurabant
1232 736 1482 800 praecipue
1526 754 1610 801 per

195 801 343 848 Zeum
365 812 411 859 2,
449 802 623 859 Geam,
653 803 868 849 Uranurn
891 801 935 846 3:
973 803 1180 847 omnium
1209 818 1319 847 vero
1342 804 1610 864 saepissime

194 883 280 931 per
320 868 508 930 Stygem
539 876 675 927 ἀάτον,
712 885 853 933 quam
889 868 1095 934 perjurio
1138 865 1304 915 violare
1332 866 1487 915 nullus
1526 886 1610 916 au·-

192 932 251 989 sit
273 932 314 981 4.
383 933 496 997 Styx
523 936 650 979 enim
679 943 849 996 μέγιστος

308 999 456 1059 ’Ὀρκος
473 1035 484 1056 ,
517 1000 715 1054 δεινότατός
743 1018 783 1046 τε
813 1000 912 1044 πέλει
935 1006 1150 1059 μακάρεσσι
1182 1002 1290 1045 &saffo-c
1310 998 1351 1045 5.

185 1060 391 1110 Mendici
440 1081 685 1128 personam
732 1064 955 1110 mentitus
993 1063 1184 1125 Ulysses
1234 1062 1291 1109 de
1333 1062 1606 1112 Laertiadae

183 1127 339 1175 reditu
377 1128 503 1177 haud
529 1129 639 1176 falsa
664 1147 712 1176 se
739 1128 1034 1177 redditurum
1070 1145 1156 1192 per
1191 1128 1360 1185 Zeum,
1395 1145 1606 1177 mensam.

182 1191 459 1260 hospitalem
493 1205 541 1242 et
578 1196 763 1259 Ulyssis
807 1194 942 1240 aedes
984 1192 1241 1240 solenniter
1279 1202 1474 1240 testatur
1505 1196 1598 1242 ita:

304 1260 421 1306 Ἴστω
444 1270 504 1308 νῦν
527 1261 548 1295 6
584 1265 679 1315 Ζεὺς
705 1273 837 1325 πρῶτα
860 1265 972 1317 θεῶν,
1010 1261 1106 1313 ξενίη
1131 1277 1170 1304 τε
1196 1266 1364 1321 τράπεζα
1383 1295 1396 1319 ‚

310 1325 425 1381 Ἱστίη
448 1328 480 1374 τ’
503 1327 686 1381 Ὀδυσῆος
710 1332 891 1387 άμύμενος
909 1361 921 1383 ,
958 1329 1002 1380 ἣν
1025 1332 1212 1387 ἀφικάνω,

298 1390 361 1436 ἾΙ
384 1402 453 1452 μέν
481 1412 535 1439 τοι
558 1394 647 1439 τάδε
679 1402 803 1440 πάντα
832 1395 1009 1438 τελείεται
1025 1428 1036 1448 ‚
1073 1397 1120 1443 ὡς
1141 1394 1302 1452 ἀγσρεὺω
1325 1400 1362 1436 7.

176 1455 270 1503 Per
297 1457 447 1503 Geam
472 1495 483 1515 ‚
517 1457 736 1504 Uranum
765 1466 812 1504 et
849 1457 1039 1520 Stygem
1077 1457 1229 1518 jurata
1259 1455 1385 1501 Here
1404 1492 1415 1512 ‚
1450 1465 1502 1502 ut
1528 1458 1600 1523 ju.-

175 1522 425 1585 risjurandi
459 1521 604 1568 fidem
650 1524 788 1569 faciat
816 1559 828 1581 ‚
874 1538 949 1567 res
996 1521 1257 1567 carissimas
1282 1557 1294 1578 ,
1332 1522 1486 1568 mariti
1516 1540 1595 1569 ca-

175 1596 262 1649 put
295 1596 342 1634 et
363 1596 518 1635 torum
544 1588 839 1656 conjugalem
862 1586 1135 1633 obtestatur.
1184 1585 1333 1646 Ἴστω,
1358 1584 1419 1631 ad
1448 1588 1593 1634 Zeum

175 1654 354 1719 inquit,
455 1713 459 1718 “

303 1723 362 1771 Σή
396 1719 428 1764 θ’
450 1712 530 1782 ἶερὴ
565 1720 736 1782 κεφαλὴ,
774 1721 840 1763 καὶ
869 1719 1034 1777 νωΐτερον
1068 1718 1175 1778 λέχος
1205 1718 1327 1762 αἰτῶν

301 1784 496 1846 Κουρίὸιον
517 1783 561 1842 3,
595 1788 635 1830 τὸ
658 1787 726 1843 μὲν
753 1786 818 1828 οὐκ,
846 1780 894 1827 ἄν
920 1788 991 1844 ἐγώ
1015 1799 1101 1826 πετε
1130 1784 1216 1842 μὰψ
1239 1786 1415 1839 ὀμόσαιμι
1438 1793 1473 1827 9.

169 1846 242 1895 Ita
270 1846 331 1896 ad
355 1857 527 1898 terram
552 1857 600 1896 et
625 1863 754 1897 mare
789 1847 951 1895 Heren
986 1861 1153 1896 manus
1180 1843 1431 1892 extendere
1462 1843 1590 1910 jubet

153 1915 299 1969 “rum

302 2019 313 2028 .
349 2015 362 2028 .
401 2019 413 2029 .
448 2013 462 2027 0
498 2017 509 2027 .
546 1996 563 2029 ξ
591 2008 994 2028 .........
1024 1981 1088 2023 ἵνα
1109 1977 1193 2022 νῶἱν
1216 1978 1376 2030 ἅπαντες

298 2050 498 2111 Μοὶρτνρει
518 2045 585 2095 ὦς’
609 2052 643 2092 οἲ
669 2044 793 2108 ἔνερθε
824 2048 893 2090 6εοί
915 2046 1055 2105 Κρένεν
1083 2047 1198 2105 άμφίς
1221 2047 1334 2094 ἐόντες
1357 2053 1399 2075 ¹0
1414 2056 1428 2068 ⁰

1471 2124 1588 2172 quae

208 2208 246 2253 1)
271 2209 324 2244 De
353 2209 581 2255 jurisjurandi
613 2222 676 2246 usu
717 2208 755 2244 in
787 2206 890 2243 rebus
931 2207 1075 2252 singulis
1112 2205 1181 2242 vid.
1215 2204 1252 2241 h.
1279 2205 1320 2242 L.
1353 2206 1438 2242 c.4.
1472 2210 1503 2253 ς.
1529 2209 1585 2253 6.,

164 2263 205 2300 L.
228 2264 290 2301 IV.
328 2276 361 2302 c.
391 2278 446 2312 17.
483 2266 581 2303 alibi.
723 2262 761 2309 2)
788 2263 869 2299 vid.
904 2263 945 2298 Il.
978 2262 1065 2306 vlt,
1090 2263 1172 2296 412·
1206 2260 1255 2304 X,
1281 2262 1358 2297 521.
1390 2260 1515 2306 115mn.
1548 2262 1586 2296 in

165 2318 273 2364 Aphr.
299 2331 350 2356 vs.
370 2333 414 2366 27
449 2328 482 2355 et
514 2321 539 2357 l.
564 2333 608 2358 m.
633 2320 695 2356 cit.
839 2318 876 2361 5)
904 2317 984 2355 Yid.
1020 2316 1081 2352 Od.
1105 2316 1156 2361 V,
1182 2316 1245 2350 184
1269 2326 1363 2360 seqq.
1401 2316 1525 2361 Hymn.
1549 2318 1586 2351 in

164 2372 279 2417 Apoll.
305 2386 354 2410 vs.
377 2376 420 2410 85
437 2387 530 2420 seqq.
633 2376 671 2419 4)
698 2373 778 2408 Yid.
803 2373 844 2409 ll.
868 2372 969 2416 XIV,
994 2385 1071 2418 271.
1093 2369 1138 2405 al.
1162 2369 1245 2415 ibiq.
1265 2369 1377 2415 Πομ).
1473 2371 1512 2414 5)
1539 2370 1587 2408 11.

161 2425 245 2471 XV,
270 2429 326 2465 58.
375 2427 668 2465 Vid.ssuttmann.
690 2429 795 2465 Lexil.
822 2436 904 2463 tom.
926 2426 972 2462 II.
1001 2427 1034 2459 in
1057 2439 1087 2461 v.
1115 2426 1240 2470 ὅρκος,
1265 2425 1346 2468 qui,
1374 2426 1475 2469 ὅρκος
1491 2453 1501 2471 ‚
1527 2426 1586 2459 in·-

162 2482 261 2527 quit,
286 2494 352 2516 non
387 2483 524 2527 jurandi
550 2493 662 2517 aetum
692 2496 718 2520 s.
750 2481 985 2526 jusjurandum
1020 2483 1130 2526 ipsum
1166 2485 1285 2518 notat,
1318 2479 1374 2513 sed
1400 2493 1494 2524 rem,
1520 2493 1583 2524 per

159 2546 261 2578 quam
280 2536 434 2580 juramus
453 2550 480 2574 s.
501 2551 573 2572 rem
597 2538 758 2581 juratam.
795 2536 846 2572 Cf.
872 2549 956 2582 quae
973 2536 1071 2581 plura
1087 2534 1190 2568 habet
1212 2545 1244 2578 p.
1269 2546 1314 2569 m.
1336 2535 1393 2580 57.
1463 2535 1499 2578 6)
1516 2534 1582 2568 So-

157 2587 282 2639 lemnis
309 2591 447 2635 jurandi
474 2593 632 2630 formula.
752 2592 788 2638 7)
814 2590 875 2627 Od.
900 2590 1000 2635 xlv,
1029 2591 1089 2625 158
1108 2601 1203 2634 seqq.
1232 2595 1267 2621 et
1294 2588 1374 2633 XX,
1397 2591 1463 2625 250
1482 2601 1578 2633 seqq.

152 2642 192 2685 8)
216 2643 269 2679 De
297 2645 333 2682 h.
363 2658 397 2684 V.
424 2647 495 2684 vid.
520 2647 723 2681 Buttmann.
761 2645 869 2682 Lexil.
897 2653 980 2682 tom.
1004 2644 1033 2681 I.
1066 2656 1098 2690 p.
1124 2656 1169 2679 m.
1190 2645 1233 2678 52
1253 2655 1347 2687 seqq.
1464 2643 1504 2689 9)
1527 2643 1572 2681 Il.

153 2696 236 2744 XV.
264 2700 307 2746 59
329 2712 402 2747 seq.
507 2701 567 2748 ιο)
593 2701 634 2740 Π.
659 2700 758 2747 ΧΠ,
783 2700 849 2747 273
872 2712 967 2748 seqq.
1017 2697 1069 2737 Cf.
1084 2697 1139 2737 111
1155 2727 1167 2745 ,
1190 2709 1255 2744 277
1275 2710 1368 2744 seqq.
