<?xml version="1.0" encoding="UTF-8"?>
<!DOCTYPE html PUBLIC "-//W3C//DTD XHTML 1.0 Transitional//EN"
    "http://www.w3.org/TR/xhtml1/DTD/xhtml1-transitional.dtd">
<html xmlns="http://www.w3.org/1999/xhtml" xml:lang="en" lang="en">
 <head>
  <title>
</title>
<meta http-equiv="Content-Type" content="text/html;charset=utf-8" />
  <meta name='ocr-system' content='tesseract 3.04.00' />
  <meta name='ocr-capabilities' content='ocr_page ocr_carea ocr_par ocr_line ocrx_word'/>
</head>
<body>
  <div class='ocr_page' id='page_1' title='image "antiquitashomeri00terpuoft_0116.png"; bbox 0 0 1780 3120; ppageno 0'>
   <div class='ocr_carea' id='block_1_1' title="bbox 135 117 1187 190">
    <p class='ocr_par' dir='ltr' id='par_1_1' title="bbox 135 117 1187 190">
     <span class='ocr_line' id='line_1_1' title="bbox 135 117 1187 190; baseline -0.002 -20"><span class='ocrx_word' id='word_1_1' title='bbox 135 128 214 190; x_wconf 37' lang='lat' dir='ltr'>ss&gt;</span> <span class='ocrx_word' id='word_1_2' title='bbox 512 117 1187 180; x_wconf 83' lang='lat' dir='ltr'><strong>ANTIQUITAS</strong></span> 
     </span>
    </p>
   </div>
   <div class='ocr_carea' id='block_1_2' title="bbox 145 251 1577 1097">
    <p class='ocr_par' dir='ltr' id='par_1_2' title="bbox 145 251 1305 506">
     <span class='ocr_line' id='line_1_2' title="bbox 145 251 708 317; baseline -0.009 -15"><span class='ocrx_word' id='word_1_3' title='bbox 145 255 279 302; x_wconf 78' lang='lat' dir='ltr'>tritas</span> <span class='ocrx_word' id='word_1_4' title='bbox 307 251 515 317; x_wconf 79' lang='lat' dir='ltr'>queritur</span> <span class='ocrx_word' id='word_1_5' title='bbox 547 251 708 298; x_wconf 83' lang='lat' dir='ltr'><strong>Idem:</strong></span> 
     </span>
     <span class='ocr_line' id='line_1_3' title="bbox 279 313 1305 380; baseline -0.003 -16"><span class='ocrx_word' id='word_1_6' title='bbox 279 323 380 379; x_wconf 81' lang='grc' dir='ltr'><em>Πρίν</em></span> <span class='ocrx_word' id='word_1_7' title='bbox 403 320 469 379; x_wconf 83' lang='grc' dir='ltr'><em>μὲν</em></span> <span class='ocrx_word' id='word_1_8' title='bbox 491 323 567 380; x_wconf 70' lang='grc' dir='ltr'>γὰρ</span> <span class='ocrx_word' id='word_1_9' title='bbox 595 321 779 379; x_wconf 74' lang='grc' dir='ltr'><em>Πριάμοιο</em></span> <span class='ocrx_word' id='word_1_10' title='bbox 803 318 906 362; x_wconf 75' lang='grc' dir='ltr'><em>πόλιν</em></span> <span class='ocrx_word' id='word_1_11' title='bbox 937 322 1091 378; x_wconf 75' lang='grc' dir='ltr'><em>μέροπες</em></span> <span class='ocrx_word' id='word_1_12' title='bbox 1120 313 1305 378; x_wconf 73' lang='grc' dir='ltr'><em>ἂνθρωποι</em></span> 
     </span>
     <span class='ocr_line' id='line_1_4' title="bbox 281 383 1245 444; baseline -0.003 -15"><span class='ocrx_word' id='word_1_13' title='bbox 281 387 427 436; x_wconf 69' lang='grc' dir='ltr'><em>Πάντες</em></span> <span class='ocrx_word' id='word_1_14' title='bbox 458 389 678 443; x_wconf 70' lang='grc' dir='ltr'><em>μυθέσκοντο</em></span> <span class='ocrx_word' id='word_1_15' title='bbox 699 384 925 444; x_wconf 70' lang='grc' dir='ltr'><em>πολύχρυσον</em></span> <span class='ocrx_word' id='word_1_16' title='bbox 943 417 955 437; x_wconf 86' lang='lat'>,</span> <span class='ocrx_word' id='word_1_17' title='bbox 989 383 1218 441; x_wconf 70' lang='grc' dir='ltr'><em>πολύχαλκον</em></span> <span class='ocrx_word' id='word_1_18' title='bbox 1234 394 1245 405; x_wconf 81' lang='grc'><em>·</em></span> 
     </span>
     <span class='ocr_line' id='line_1_5' title="bbox 278 447 1282 506; baseline -0.005 -11"><span class='ocrx_word' id='word_1_19' title='bbox 278 453 364 495; x_wconf 81' lang='grc' dir='ltr'><em>Νῦν</em></span> <span class='ocrx_word' id='word_1_20' title='bbox 389 449 428 494; x_wconf 66' lang='grc' dir='ltr'>δὲ</span> <span class='ocrx_word' id='word_1_21' title='bbox 459 451 505 499; x_wconf 64' lang='grc' dir='ltr'>δὴ</span> <span class='ocrx_word' id='word_1_22' title='bbox 534 447 741 501; x_wconf 77' lang='grc' dir='ltr'><em>ἐξαπόλωλε</em></span> <span class='ocrx_word' id='word_1_23' title='bbox 767 448 887 506; x_wconf 73' lang='grc' dir='ltr'><em>δόμων</em></span> <span class='ocrx_word' id='word_1_24' title='bbox 917 447 1100 504; x_wconf 78' lang='grc' dir='ltr'><em>κειμήλια</em></span> <span class='ocrx_word' id='word_1_25' title='bbox 1125 448 1224 491; x_wconf 73' lang='grc' dir='ltr'><em>καλοὶ</em></span> <span class='ocrx_word' id='word_1_26' title='bbox 1247 456 1282 490; x_wconf 83' lang='lat'>¹.</span> 
     </span>
    </p>

    <p class='ocr_par' dir='ltr' id='par_1_3' title="bbox 152 506 1577 902">
     <span class='ocr_line' id='line_1_6' title="bbox 217 506 1564 577; baseline -0.001 -17"><span class='ocrx_word' id='word_1_27' title='bbox 217 512 260 576; x_wconf 71' lang='grc' dir='ltr'>ξ.</span> <span class='ocrx_word' id='word_1_28' title='bbox 291 513 341 573; x_wconf 78' lang='grc'>4.</span> <span class='ocrx_word' id='word_1_29' title='bbox 418 511 519 558; x_wconf 83' lang='lat' dir='ltr'>Alia</span> <span class='ocrx_word' id='word_1_30' title='bbox 568 508 770 574; x_wconf 83' lang='lat' dir='ltr'>denique</span> <span class='ocrx_word' id='word_1_31' title='bbox 806 509 989 557; x_wconf 86' lang='lat' dir='ltr'>virtutis</span> <span class='ocrx_word' id='word_1_32' title='bbox 1027 508 1232 574; x_wconf 86' lang='lat' dir='ltr'>praemia</span> <span class='ocrx_word' id='word_1_33' title='bbox 1284 506 1564 577; x_wconf 86' lang='lat' dir='ltr'>honorisque</span> 
     </span>
     <span class='ocr_line' id='line_1_7' title="bbox 152 573 1569 641; baseline -0.004 -14"><span class='ocrx_word' id='word_1_34' title='bbox 152 579 347 641; x_wconf 77' lang='lat' dir='ltr'>insignia</span> <span class='ocrx_word' id='word_1_35' title='bbox 374 575 623 623; x_wconf 80' lang='lat' dir='ltr'>laudantur</span> <span class='ocrx_word' id='word_1_36' title='bbox 642 611 654 633; x_wconf 92' lang='lat'>,</span> <span class='ocrx_word' id='word_1_37' title='bbox 689 573 856 639; x_wconf 88' lang='lat' dir='ltr'>quibus</span> <span class='ocrx_word' id='word_1_38' title='bbox 884 575 1121 639; x_wconf 85' lang='lat' dir='ltr'>principes</span> <span class='ocrx_word' id='word_1_39' title='bbox 1150 582 1444 623; x_wconf 80' lang='lat' dir='ltr'>ornarentur.</span> <span class='ocrx_word' id='word_1_40' title='bbox 1509 577 1569 621; x_wconf 89' lang='lat' dir='ltr'>ln</span> 
     </span>
     <span class='ocr_line' id='line_1_8' title="bbox 152 639 1568 705; baseline -0.003 -14"><span class='ocrx_word' id='word_1_41' title='bbox 152 645 227 692; x_wconf 78' lang='lat' dir='ltr'>his</span> <span class='ocrx_word' id='word_1_42' title='bbox 256 644 401 705; x_wconf 79' lang='lat' dir='ltr'>major</span> <span class='ocrx_word' id='word_1_43' title='bbox 441 649 488 687; x_wconf 92' lang='lat' dir='ltr'>et</span> <span class='ocrx_word' id='word_1_44' title='bbox 531 640 708 704; x_wconf 81' lang='lat' dir='ltr'>egregia</span> <span class='ocrx_word' id='word_1_45' title='bbox 743 639 940 704; x_wconf 80' lang='lat' dir='ltr'>praedae</span> <span class='ocrx_word' id='word_1_46' title='bbox 986 656 1094 703; x_wconf 85' lang='lat' dir='ltr'>pars</span> <span class='ocrx_word' id='word_1_47' title='bbox 1116 650 1168 696; x_wconf 80' lang='lat'>2,</span> <span class='ocrx_word' id='word_1_48' title='bbox 1210 640 1383 702; x_wconf 69' lang='grc' dir='ltr'><em>προεδρία</em></span> <span class='ocrx_word' id='word_1_49' title='bbox 1416 657 1452 687; x_wconf 81' lang='lat' dir='ltr'>s,</span> <span class='ocrx_word' id='word_1_50' title='bbox 1479 643 1568 700; x_wconf 73' lang='grc' dir='ltr'>ἕδρη</span> 
     </span>
     <span class='ocr_line' id='line_1_9' title="bbox 155 703 1573 770; baseline -0.007 -13"><span class='ocrx_word' id='word_1_51' title='bbox 155 711 207 757; x_wconf 88' lang='lat' dir='ltr'>in</span> <span class='ocrx_word' id='word_1_52' title='bbox 234 705 534 754; x_wconf 72' lang='lat' dir='ltr'>concionibus</span> <span class='ocrx_word' id='word_1_53' title='bbox 558 715 606 752; x_wconf 85' lang='lat' dir='ltr'>et</span> <span class='ocrx_word' id='word_1_54' title='bbox 632 704 780 769; x_wconf 85' lang='lat' dir='ltr'>epulis</span> <span class='ocrx_word' id='word_1_55' title='bbox 819 704 1017 770; x_wconf 89' lang='lat' dir='ltr'>publicis</span> <span class='ocrx_word' id='word_1_56' title='bbox 1042 704 1089 765; x_wconf 79' lang='lat'>5,</span> <span class='ocrx_word' id='word_1_57' title='bbox 1125 704 1342 768; x_wconf 80' lang='lat' dir='ltr'><strong>frequens</strong></span> <span class='ocrx_word' id='word_1_58' title='bbox 1378 703 1438 751; x_wconf 84' lang='lat' dir='ltr'>ad</span> <span class='ocrx_word' id='word_1_59' title='bbox 1467 720 1573 750; x_wconf 90' lang='lat' dir='ltr'>coe-</span> 
     </span>
     <span class='ocr_line' id='line_1_10' title="bbox 155 768 1577 835; baseline -0.004 -15"><span class='ocrx_word' id='word_1_60' title='bbox 155 791 267 820; x_wconf 84' lang='lat' dir='ltr'>nam</span> <span class='ocrx_word' id='word_1_61' title='bbox 296 771 529 820; x_wconf 83' lang='lat' dir='ltr'>invocatio</span> <span class='ocrx_word' id='word_1_62' title='bbox 552 771 606 829; x_wconf 86' lang='lat'>4,</span> <span class='ocrx_word' id='word_1_63' title='bbox 649 770 815 833; x_wconf 80' lang='lat' dir='ltr'>largior</span> <span class='ocrx_word' id='word_1_64' title='bbox 857 769 950 817; x_wconf 83' lang='lat' dir='ltr'>cibi</span> <span class='ocrx_word' id='word_1_65' title='bbox 981 770 1232 834; x_wconf 81' lang='lat' dir='ltr'>praecipue</span> <span class='ocrx_word' id='word_1_66' title='bbox 1268 770 1362 818; x_wconf 88' lang='lat' dir='ltr'>vini</span> <span class='ocrx_word' id='word_1_67' title='bbox 1401 769 1534 835; x_wconf 83' lang='lat' dir='ltr'>copia</span> <span class='ocrx_word' id='word_1_68' title='bbox 1555 768 1577 801; x_wconf 87' lang='lat'><em>5</em></span> 
     </span>
     <span class='ocr_line' id='line_1_11' title="bbox 156 834 1406 902; baseline -0.002 -17"><span class='ocrx_word' id='word_1_69' title='bbox 156 848 206 892; x_wconf 82' lang='lat' dir='ltr'>et</span> <span class='ocrx_word' id='word_1_70' title='bbox 234 847 386 885; x_wconf 64' lang='lat' dir='ltr'>cetera</span> <span class='ocrx_word' id='word_1_71' title='bbox 404 874 415 895; x_wconf 94' lang='lat'>,</span> <span class='ocrx_word' id='word_1_72' title='bbox 451 853 569 902; x_wconf 81' lang='lat' dir='ltr'>quae</span> <span class='ocrx_word' id='word_1_73' title='bbox 600 835 855 883; x_wconf 84' lang='lat' dir='ltr'>honorifica</span> <span class='ocrx_word' id='word_1_74' title='bbox 882 834 1042 881; x_wconf 88' lang='lat' dir='ltr'>habuit</span> <span class='ocrx_word' id='word_1_75' title='bbox 1068 844 1192 881; x_wconf 86' lang='lat' dir='ltr'>aetas</span> <span class='ocrx_word' id='word_1_76' title='bbox 1219 835 1406 882; x_wconf 80' lang='lat' dir='ltr'>heroica</span> 
     </span>
    </p>

    <p class='ocr_par' dir='ltr' id='par_1_4' title="bbox 286 903 1329 1097">
     <span class='ocr_line' id='line_1_12' title="bbox 287 903 1201 964; baseline -0.003 -15"><span class='ocrx_word' id='word_1_77' title='bbox 287 903 411 952; x_wconf 74' lang='grc' dir='ltr'><em>Ἠμὲν</em></span> <span class='ocrx_word' id='word_1_78' title='bbox 437 909 488 949; x_wconf 77' lang='grc' dir='ltr'><em>ἐνὶ</em></span> <span class='ocrx_word' id='word_1_79' title='bbox 511 906 682 964; x_wconf 77' lang='grc' dir='ltr'><em>πτολέμῳ</em></span> <span class='ocrx_word' id='word_1_80' title='bbox 698 938 710 959; x_wconf 83' lang='grc'><em>,</em></span> <span class='ocrx_word' id='word_1_81' title='bbox 744 903 805 956; x_wconf 71' lang='grc' dir='ltr'>ἠδ’</span> <span class='ocrx_word' id='word_1_82' title='bbox 824 905 957 963; x_wconf 83' lang='grc' dir='ltr'><em>ἀλλοίῳ</em></span> <span class='ocrx_word' id='word_1_83' title='bbox 981 905 1041 947; x_wconf 78' lang='grc' dir='ltr'>ἐπὶ</span> <span class='ocrx_word' id='word_1_84' title='bbox 1074 903 1174 963; x_wconf 77' lang='grc' dir='ltr'><em>ἔργῳ</em></span> <span class='ocrx_word' id='word_1_85' title='bbox 1189 937 1201 960; x_wconf 91' lang='lat'>,</span> 
     </span>
     <span class='ocr_line' id='line_1_13' title="bbox 286 965 1329 1030; baseline -0.003 -14"><span class='ocrx_word' id='word_1_86' title='bbox 286 969 375 1016; x_wconf 51' lang='lat' dir='ltr'>&#39;He‘</span> <span class='ocrx_word' id='word_1_87' title='bbox 403 973 440 1014; x_wconf 81' lang='grc' dir='ltr'><em>ἐν</em></span> <span class='ocrx_word' id='word_1_88' title='bbox 462 967 557 1014; x_wconf 69' lang='grc' dir='ltr'><em>δαίθ’</em></span> <span class='ocrx_word' id='word_1_89' title='bbox 575 1005 586 1025; x_wconf 91' lang='grc'>,</span> <span class='ocrx_word' id='word_1_90' title='bbox 619 970 679 1014; x_wconf 63' lang='lat' dir='ltr'>zze</span> <span class='ocrx_word' id='word_1_91' title='bbox 708 973 779 1030; x_wconf 85' lang='grc' dir='ltr'>πέρ</span> <span class='ocrx_word' id='word_1_92' title='bbox 798 987 839 1014; x_wconf 89' lang='grc' dir='ltr'>τε</span> <span class='ocrx_word' id='word_1_93' title='bbox 864 969 1048 1030; x_wconf 72' lang='grc' dir='ltr'><em>γερούσιον</em></span> <span class='ocrx_word' id='word_1_94' title='bbox 1081 970 1214 1012; x_wconf 80' lang='grc' dir='ltr'><em>αἴθοπα</em></span> <span class='ocrx_word' id='word_1_95' title='bbox 1240 965 1329 1013; x_wconf 68' lang='grc' dir='ltr'><em>οῆον</em></span> 
     </span>
     <span class='ocr_line' id='line_1_14' title="bbox 286 1031 1323 1097; baseline -0.005 -16"><span class='ocrx_word' id='word_1_96' title='bbox 286 1066 304 1097; x_wconf 59' lang='lat'>3</span> <span class='ocrx_word' id='word_1_97' title='bbox 339 1070 352 1084; x_wconf 85' lang='lat'><strong>.</strong></span> <span class='ocrx_word' id='word_1_98' title='bbox 387 1068 401 1081; x_wconf 88' lang='lat'><strong>.</strong></span> <span class='ocrx_word' id='word_1_99' title='bbox 434 1066 449 1089; x_wconf 70' lang='lat'>,-</span> <span class='ocrx_word' id='word_1_100' title='bbox 485 1067 498 1080; x_wconf 91' lang='lat'>.</span> <span class='ocrx_word' id='word_1_101' title='bbox 534 1065 547 1087; x_wconf 58' lang='grc' dir='ltr'>ρ</span> <span class='ocrx_word' id='word_1_102' title='bbox 579 1037 613 1079; x_wconf 78' lang='grc' dir='ltr'><em>οἳ</em></span> <span class='ocrx_word' id='word_1_103' title='bbox 641 1031 787 1095; x_wconf 73' lang='grc' dir='ltr'><em>ἄριστοι,</em></span> <span class='ocrx_word' id='word_1_104' title='bbox 814 1035 865 1079; x_wconf 82' lang='grc' dir='ltr'><em>ἐνὶ</em></span> <span class='ocrx_word' id='word_1_105' title='bbox 897 1032 1056 1094; x_wconf 73' lang='grc' dir='ltr'><em>κρητῆρι</em></span> <span class='ocrx_word' id='word_1_106' title='bbox 1085 1037 1260 1094; x_wconf 80' lang='grc' dir='ltr'><em>κέρωνται</em></span> <span class='ocrx_word' id='word_1_107' title='bbox 1283 1031 1323 1080; x_wconf 81' lang='grc'>6.</span> 
     </span>
    </p>
   </div>
   <div class='ocr_carea' id='block_1_3' title="bbox 678 1227 1079 1248">
    <p class='ocr_par' dir='ltr' id='par_1_5' title="bbox 678 1227 1079 1248">
     <span class='ocr_line' id='line_1_15' title="bbox 678 1227 1079 1248; baseline 0 1872"><span class='ocrx_word' id='word_1_108' title='bbox 678 1227 1079 1248; x_wconf 95' lang='lat' dir='ltr'> </span> 
     </span>
    </p>
   </div>
   <div class='ocr_carea' id='block_1_4' title="bbox 404 1376 1356 1441">
    <p class='ocr_par' dir='ltr' id='par_1_6' title="bbox 404 1376 1356 1441">
     <span class='ocr_line' id='line_1_16' title="bbox 404 1376 1356 1441; baseline 0.001 -11"><span class='ocrx_word' id='word_1_109' title='bbox 404 1376 746 1430; x_wconf 75' lang='lat' dir='ltr'><strong>CAPUT</strong></span> <span class='ocrx_word' id='word_1_110' title='bbox 830 1377 1356 1441; x_wconf 62' lang='lat' dir='ltr'>QUARTUM</span> 
     </span>
    </p>
   </div>
   <div class='ocr_carea' id='block_1_5' title="bbox 539 1525 1221 1562">
    <p class='ocr_par' dir='ltr' id='par_1_7' title="bbox 539 1525 1221 1562">
     <span class='ocr_line' id='line_1_17' title="bbox 539 1525 1221 1562; baseline -0.006 -1"><span class='ocrx_word' id='word_1_111' title='bbox 539 1527 608 1561; x_wconf 91' lang='lat' dir='ltr'>DE</span> <span class='ocrx_word' id='word_1_112' title='bbox 641 1525 833 1562; x_wconf 79' lang='lat' dir='ltr'><strong>REGUM</strong></span> <span class='ocrx_word' id='word_1_113' title='bbox 865 1525 1221 1559; x_wconf 82' lang='lat' dir='ltr'><strong>INSIGNIBUS.</strong></span> 
     </span>
    </p>
   </div>
   <div class='ocr_carea' id='block_1_6' title="bbox 172 1648 1608 2315">
    <p class='ocr_par' dir='ltr' id='par_1_8' title="bbox 172 1648 1598 2007">
     <span class='ocr_line' id='line_1_18' title="bbox 236 1648 1595 1746; baseline -0.004 -15"><span class='ocrx_word' id='word_1_114' title='bbox 236 1681 279 1746; x_wconf 70' lang='grc' dir='ltr'>ξ.</span> <span class='ocrx_word' id='word_1_115' title='bbox 319 1698 359 1730; x_wconf 90' lang='lat'>1.</span> <span class='ocrx_word' id='word_1_116' title='bbox 422 1648 497 1727; x_wconf 77' lang='lat' dir='ltr'>In</span> <span class='ocrx_word' id='word_1_117' title='bbox 540 1677 676 1743; x_wconf 83' lang='lat' dir='ltr'>regiis</span> <span class='ocrx_word' id='word_1_118' title='bbox 718 1677 1009 1742; x_wconf 84' lang='lat' dir='ltr'>insignibus,</span> <span class='ocrx_word' id='word_1_119' title='bbox 1057 1694 1175 1743; x_wconf 84' lang='lat' dir='ltr'>quae</span> <span class='ocrx_word' id='word_1_120' title='bbox 1224 1676 1451 1744; x_wconf 87' lang='lat' dir='ltr'>simplicia</span> <span class='ocrx_word' id='word_1_121' title='bbox 1498 1678 1595 1726; x_wconf 86' lang='lat' dir='ltr'>fue·</span> 
     </span>
     <span class='ocr_line' id='line_1_19' title="bbox 172 1744 1595 1813; baseline -0.004 -19"><span class='ocrx_word' id='word_1_122' title='bbox 172 1754 308 1808; x_wconf 80' lang='lat' dir='ltr'>runt,</span> <span class='ocrx_word' id='word_1_123' title='bbox 361 1746 636 1813; x_wconf 87' lang='lat' dir='ltr'>primarium</span> <span class='ocrx_word' id='word_1_124' title='bbox 678 1752 747 1790; x_wconf 88' lang='lat' dir='ltr'>est</span> <span class='ocrx_word' id='word_1_125' title='bbox 782 1752 830 1790; x_wconf 88' lang='lat' dir='ltr'>et</span> <span class='ocrx_word' id='word_1_126' title='bbox 875 1749 1155 1809; x_wconf 83' lang='lat' dir='ltr'>perpetuum</span> <span class='ocrx_word' id='word_1_127' title='bbox 1201 1756 1414 1808; x_wconf 70' lang='grc' dir='ltr'><em>σκῆπτρον,</em></span> <span class='ocrx_word' id='word_1_128' title='bbox 1467 1744 1595 1809; x_wconf 86' lang='lat' dir='ltr'>quod</span> 
     </span>
     <span class='ocr_line' id='line_1_20' title="bbox 172 1808 1598 1874; baseline -0.003 -14"><span class='ocrx_word' id='word_1_129' title='bbox 172 1815 375 1872; x_wconf 75' lang='grc' dir='ltr'><em>βασιλικὴν</em></span> <span class='ocrx_word' id='word_1_130' title='bbox 412 1812 553 1874; x_wconf 63' lang='grc' dir='ltr'><em>ῥάβδον</em></span> <span class='ocrx_word' id='word_1_131' title='bbox 592 1809 926 1874; x_wconf 76' lang='lat' dir='ltr'>interpretatur</span> <span class='ocrx_word' id='word_1_132' title='bbox 962 1808 1262 1872; x_wconf 80' lang='lat' dir='ltr'>Etymologus</span> <span class='ocrx_word' id='word_1_133' title='bbox 1294 1815 1367 1856; x_wconf 73' lang='grc' dir='ltr'>ἀπὸ</span> <span class='ocrx_word' id='word_1_134' title='bbox 1404 1819 1463 1856; x_wconf 78' lang='grc' dir='ltr'><em>τοῦ</em></span> <span class='ocrx_word' id='word_1_135' title='bbox 1504 1817 1598 1863; x_wconf 76' lang='grc' dir='ltr'>σκή-</span> 
     </span>
     <span class='ocr_line' id='line_1_21' title="bbox 174 1871 1598 1939; baseline -0.004 -13"><span class='ocrx_word' id='word_1_136' title='bbox 174 1884 334 1926; x_wconf 78' lang='grc' dir='ltr'><em>πτεσθαι</em></span> <span class='ocrx_word' id='word_1_137' title='bbox 377 1883 440 1924; x_wconf 75' lang='grc' dir='ltr'><em>καὶ</em></span> <span class='ocrx_word' id='word_1_138' title='bbox 471 1877 719 1939; x_wconf 61' lang='grc' dir='ltr'><em>έπερείδεσθαι</em></span> <span class='ocrx_word' id='word_1_139' title='bbox 761 1876 864 1938; x_wconf 75' lang='grc' dir='ltr'><em>αὐτῷ</em></span> <span class='ocrx_word' id='word_1_140' title='bbox 885 1885 924 1922; x_wconf 89' lang='grc'>7.</span> <span class='ocrx_word' id='word_1_141' title='bbox 995 1871 1114 1920; x_wconf 86' lang='lat' dir='ltr'>Inde</span> <span class='ocrx_word' id='word_1_142' title='bbox 1161 1889 1292 1938; x_wconf 83' lang='lat' dir='ltr'>reges</span> <span class='ocrx_word' id='word_1_143' title='bbox 1324 1874 1598 1922; x_wconf 77' lang='lat' dir='ltr'>dicebantur</span> 
     </span>
     <span class='ocr_line' id='line_1_22' title="bbox 173 1941 633 2007; baseline -0.011 -15"><span class='ocrx_word' id='word_1_144' title='bbox 173 1955 427 2006; x_wconf 75' lang='grc' dir='ltr'><em>σκηπτοῦχοι,</em></span> <span class='ocrx_word' id='word_1_145' title='bbox 461 1941 633 2007; x_wconf 81' lang='lat' dir='ltr'>quibus</span> 
     </span>
    </p>

    <p class='ocr_par' dir='ltr' id='par_1_9' title="bbox 179 2003 1608 2315">
     <span class='ocr_line' id='line_1_23' title="bbox 313 2003 1533 2071; baseline -0.002 -15"><span class='ocrx_word' id='word_1_146' title='bbox 313 2015 502 2071; x_wconf 79' lang='grc' dir='ltr'><em>Σκήπτρῳ</em></span> <span class='ocrx_word' id='word_1_147' title='bbox 529 2011 624 2055; x_wconf 71' lang='grc' dir='ltr'>δῶκε</span> <span class='ocrx_word' id='word_1_148' title='bbox 651 2003 817 2069; x_wconf 76' lang='grc' dir='ltr'><em>(Κρόνον</em></span> <span class='ocrx_word' id='word_1_149' title='bbox 838 2007 947 2068; x_wconf 74' lang='grc' dir='ltr'><em>παῖς)</em></span> <span class='ocrx_word' id='word_1_150' title='bbox 976 2008 1194 2066; x_wconf 75' lang='grc' dir='ltr'><em>τετιμῆσθαι</em></span> <span class='ocrx_word' id='word_1_151' title='bbox 1221 2010 1305 2068; x_wconf 82' lang='grc' dir='ltr'>περῖ</span> <span class='ocrx_word' id='word_1_152' title='bbox 1329 2014 1473 2052; x_wconf 82' lang='grc' dir='ltr'><em>πάντων</em></span> <span class='ocrx_word' id='word_1_153' title='bbox 1494 2006 1533 2054; x_wconf 83' lang='grc'>8.</span> 
     </span>
     <span class='ocr_line' id='line_1_24' title="bbox 179 2067 1608 2136; baseline -0.004 -13"><span class='ocrx_word' id='word_1_154' title='bbox 179 2074 283 2123; x_wconf 84' lang='lat' dir='ltr'>Nec</span> <span class='ocrx_word' id='word_1_155' title='bbox 314 2081 473 2121; x_wconf 80' lang='lat' dir='ltr'>tamen</span> <span class='ocrx_word' id='word_1_156' title='bbox 505 2088 689 2136; x_wconf 85' lang='lat' dir='ltr'>semper</span> <span class='ocrx_word' id='word_1_157' title='bbox 730 2078 777 2117; x_wconf 90' lang='lat' dir='ltr'>et</span> <span class='ocrx_word' id='word_1_158' title='bbox 820 2069 1020 2136; x_wconf 88' lang='lat' dir='ltr'>ubique,</span> <span class='ocrx_word' id='word_1_159' title='bbox 1071 2067 1155 2115; x_wconf 85' lang='lat' dir='ltr'>sed</span> <span class='ocrx_word' id='word_1_160' title='bbox 1199 2070 1249 2116; x_wconf 90' lang='lat' dir='ltr'>in</span> <span class='ocrx_word' id='word_1_161' title='bbox 1276 2070 1489 2118; x_wconf 86' lang='lat' dir='ltr'>civilibus</span> <span class='ocrx_word' id='word_1_162' title='bbox 1515 2087 1608 2135; x_wconf 91' lang='lat' dir='ltr'>po-.</span> 
     </span>
     <span class='ocr_line' id='line_1_25' title="bbox 181 2134 1600 2199; baseline -0.003 -13"><span class='ocrx_word' id='word_1_163' title='bbox 181 2138 412 2186; x_wconf 83' lang='lat' dir='ltr'>tissimum</span> <span class='ocrx_word' id='word_1_164' title='bbox 445 2155 496 2184; x_wconf 85' lang='lat' dir='ltr'>ac</span> <span class='ocrx_word' id='word_1_165' title='bbox 539 2135 838 2195; x_wconf 85' lang='lat' dir='ltr'>solennibus,</span> <span class='ocrx_word' id='word_1_166' title='bbox 873 2135 951 2182; x_wconf 87' lang='lat' dir='ltr'>vel</span> <span class='ocrx_word' id='word_1_167' title='bbox 989 2134 1191 2199; x_wconf 84' lang='lat' dir='ltr'>publicis</span> <span class='ocrx_word' id='word_1_168' title='bbox 1236 2145 1284 2182; x_wconf 87' lang='lat' dir='ltr'>et</span> <span class='ocrx_word' id='word_1_169' title='bbox 1314 2135 1496 2183; x_wconf 85' lang='lat' dir='ltr'>bellicis</span> <span class='ocrx_word' id='word_1_170' title='bbox 1526 2153 1600 2182; x_wconf 85' lang='lat' dir='ltr'>re-</span> 
     </span>
     <span class='ocr_line' id='line_1_26' title="bbox 183 2200 1605 2270; baseline -0.004 -16"><span class='ocrx_word' id='word_1_171' title='bbox 183 2203 273 2254; x_wconf 81' lang='lat' dir='ltr'>bus</span> <span class='ocrx_word' id='word_1_172' title='bbox 307 2204 552 2270; x_wconf 82' lang='lat' dir='ltr'>occupati,</span> <span class='ocrx_word' id='word_1_173' title='bbox 592 2200 809 2250; x_wconf 84' lang='lat' dir='ltr'>manibus</span> <span class='ocrx_word' id='word_1_174' title='bbox 842 2209 1082 2267; x_wconf 83' lang='lat' dir='ltr'>sceptrum</span> <span class='ocrx_word' id='word_1_175' title='bbox 1120 2200 1341 2249; x_wconf 84' lang='lat' dir='ltr'>tenebant</span> <span class='ocrx_word' id='word_1_176' title='bbox 1365 2213 1397 2246; x_wconf 87' lang='lat'>1.</span> <span class='ocrx_word' id='word_1_177' title='bbox 1466 2202 1605 2261; x_wconf 87' lang='lat' dir='ltr'>Quod</span> 
     </span>
     <span class='ocr_line' id='line_1_27' title="bbox 1496 2284 1605 2315; baseline 0.018 -2"><span class='ocrx_word' id='word_1_178' title='bbox 1496 2284 1605 2315; x_wconf 90' lang='lat' dir='ltr'>cum</span> 
     </span>
    </p>
   </div>
   <div class='ocr_carea' id='block_1_7' title="bbox 190 2395 1607 2719">
    <p class='ocr_par' dir='ltr' id='par_1_10' title="bbox 190 2395 1607 2719">
     <span class='ocr_line' id='line_1_28' title="bbox 236 2395 1607 2447; baseline -0.004 -11"><span class='ocrx_word' id='word_1_179' title='bbox 236 2401 275 2447; x_wconf 83' lang='lat'>1)</span> <span class='ocrx_word' id='word_1_180' title='bbox 300 2401 344 2438; x_wconf 91' lang='lat' dir='ltr'>Il.</span> <span class='ocrx_word' id='word_1_181' title='bbox 367 2397 483 2435; x_wconf 70' lang='lat' dir='ltr'>XVIII</span> <span class='ocrx_word' id='word_1_182' title='bbox 499 2428 509 2446; x_wconf 82' lang='lat'>,</span> <span class='ocrx_word' id='word_1_183' title='bbox 531 2400 596 2434; x_wconf 82' lang='lat'>288</span> <span class='ocrx_word' id='word_1_184' title='bbox 617 2409 710 2442; x_wconf 83' lang='lat' dir='ltr'>seqq.</span> <span class='ocrx_word' id='word_1_185' title='bbox 831 2395 871 2441; x_wconf 82' lang='lat'>2)</span> <span class='ocrx_word' id='word_1_186' title='bbox 896 2397 976 2432; x_wconf 84' lang='lat' dir='ltr'>Vid.</span> <span class='ocrx_word' id='word_1_187' title='bbox 1002 2397 1046 2434; x_wconf 88' lang='grc' dir='ltr'><strong>ΙΙ.</strong></span> <span class='ocrx_word' id='word_1_188' title='bbox 1066 2397 1105 2443; x_wconf 90' lang='lat' dir='ltr'>I,</span> <span class='ocrx_word' id='word_1_189' title='bbox 1131 2398 1216 2437; x_wconf 82' lang='lat'>118,</span> <span class='ocrx_word' id='word_1_190' title='bbox 1242 2397 1328 2441; x_wconf 80' lang='lat'>155,</span> <span class='ocrx_word' id='word_1_191' title='bbox 1356 2397 1429 2432; x_wconf 81' lang='lat'>158.</span> <span class='ocrx_word' id='word_1_192' title='bbox 1477 2395 1532 2432; x_wconf 54' lang='lat' dir='ltr'>Cfss</span> <span class='ocrx_word' id='word_1_193' title='bbox 1557 2397 1607 2444; x_wconf 84' lang='lat' dir='ltr'>X,</span> 
     </span>
     <span class='ocr_line' id='line_1_29' title="bbox 191 2450 1607 2501; baseline -0.007 -7"><span class='ocrx_word' id='word_1_194' title='bbox 191 2459 259 2494; x_wconf 77' lang='lat'>156</span> <span class='ocrx_word' id='word_1_195' title='bbox 287 2468 380 2501; x_wconf 85' lang='lat' dir='ltr'>seqq.</span> <span class='ocrx_word' id='word_1_196' title='bbox 411 2453 457 2489; x_wconf 84' lang='lat' dir='ltr'>al.</span> <span class='ocrx_word' id='word_1_197' title='bbox 575 2453 612 2496; x_wconf 81' lang='lat'>5)</span> <span class='ocrx_word' id='word_1_198' title='bbox 636 2452 718 2485; x_wconf 78' lang='lat' dir='ltr'>vid.</span> <span class='ocrx_word' id='word_1_199' title='bbox 753 2462 813 2486; x_wconf 89' lang='lat' dir='ltr'>nos</span> <span class='ocrx_word' id='word_1_200' title='bbox 842 2451 882 2488; x_wconf 87' lang='lat' dir='ltr'>L.</span> <span class='ocrx_word' id='word_1_201' title='bbox 909 2451 974 2487; x_wconf 93' lang='grc' dir='ltr'><strong>ΙΙΙ,</strong></span> <span class='ocrx_word' id='word_1_202' title='bbox 1008 2464 1038 2488; x_wconf 90' lang='lat' dir='ltr'>c.</span> <span class='ocrx_word' id='word_1_203' title='bbox 1057 2454 1092 2488; x_wconf 87' lang='lat'>5.</span> <span class='ocrx_word' id='word_1_204' title='bbox 1126 2454 1158 2498; x_wconf 56' lang='grc' dir='ltr'><strong>ᾗ.</strong></span> <span class='ocrx_word' id='word_1_205' title='bbox 1179 2465 1212 2487; x_wconf 85' lang='lat'>2.</span> <span class='ocrx_word' id='word_1_206' title='bbox 1335 2451 1373 2494; x_wconf 83' lang='lat'>4)</span> <span class='ocrx_word' id='word_1_207' title='bbox 1400 2450 1481 2487; x_wconf 89' lang='lat' dir='ltr'>Vid.</span> <span class='ocrx_word' id='word_1_208' title='bbox 1514 2451 1607 2485; x_wconf 78' lang='lat' dir='ltr'>infra</span> 
     </span>
     <span class='ocr_line' id='line_1_30' title="bbox 190 2501 1607 2556; baseline -0.006 -9"><span class='ocrx_word' id='word_1_209' title='bbox 190 2512 233 2548; x_wconf 81' lang='lat' dir='ltr'>I..</span> <span class='ocrx_word' id='word_1_210' title='bbox 252 2510 319 2546; x_wconf 86' lang='grc' dir='ltr'><strong>ῙῙῙ.</strong></span> <span class='ocrx_word' id='word_1_211' title='bbox 343 2523 373 2546; x_wconf 83' lang='lat' dir='ltr'>e.</span> <span class='ocrx_word' id='word_1_212' title='bbox 395 2511 428 2546; x_wconf 82' lang='lat'>4.</span> <span class='ocrx_word' id='word_1_213' title='bbox 453 2509 535 2556; x_wconf 79' lang='lat'><strong>§.4.</strong></span> <span class='ocrx_word' id='word_1_214' title='bbox 629 2506 668 2550; x_wconf 86' lang='lat'>5)</span> <span class='ocrx_word' id='word_1_215' title='bbox 693 2506 780 2540; x_wconf 83' lang='lat' dir='ltr'>Erat</span> <span class='ocrx_word' id='word_1_216' title='bbox 802 2505 887 2540; x_wconf 91' lang='lat' dir='ltr'>illud</span> <span class='ocrx_word' id='word_1_217' title='bbox 915 2501 1012 2538; x_wconf 74' lang='grc' dir='ltr'><em>οἶνον</em></span> <span class='ocrx_word' id='word_1_218' title='bbox 1039 2507 1224 2550; x_wconf 65' lang='grc' dir='ltr'><em>γερούσιον</em></span> <span class='ocrx_word' id='word_1_219' title='bbox 1251 2504 1282 2539; x_wconf 89' lang='lat' dir='ltr'>Il</span> <span class='ocrx_word' id='word_1_220' title='bbox 1313 2504 1382 2543; x_wconf 85' lang='lat' dir='ltr'>IV,</span> <span class='ocrx_word' id='word_1_221' title='bbox 1407 2508 1484 2551; x_wconf 85' lang='lat'><strong>259.</strong></span> <span class='ocrx_word' id='word_1_222' title='bbox 1520 2505 1607 2551; x_wconf 82' lang='lat' dir='ltr'>XII,</span> 
     </span>
     <span class='ocr_line' id='line_1_31' title="bbox 195 2558 1606 2610; baseline -0.003 -11"><span class='ocrx_word' id='word_1_223' title='bbox 195 2567 273 2601; x_wconf 78' lang='grc'><strong>511.</strong></span> <span class='ocrx_word' id='word_1_224' title='bbox 298 2564 408 2610; x_wconf 78' lang='lat' dir='ltr'>VIII,</span> <span class='ocrx_word' id='word_1_225' title='bbox 435 2566 512 2601; x_wconf 80' lang='lat'><strong>162.</strong></span> <span class='ocrx_word' id='word_1_226' title='bbox 536 2561 601 2597; x_wconf 88' lang='lat' dir='ltr'>Od.</span> <span class='ocrx_word' id='word_1_227' title='bbox 619 2561 689 2606; x_wconf 88' lang='lat' dir='ltr'>XI,</span> <span class='ocrx_word' id='word_1_228' title='bbox 713 2564 789 2596; x_wconf 73' lang='lat'>186.</span> <span class='ocrx_word' id='word_1_229' title='bbox 827 2559 881 2596; x_wconf 83' lang='lat' dir='ltr'>Cf.</span> <span class='ocrx_word' id='word_1_230' title='bbox 903 2560 994 2594; x_wconf 82' lang='lat' dir='ltr'>dieta</span> <span class='ocrx_word' id='word_1_231' title='bbox 1018 2561 1058 2597; x_wconf 88' lang='lat' dir='ltr'>L.</span> <span class='ocrx_word' id='word_1_232' title='bbox 1077 2560 1141 2595; x_wconf 83' lang='lat' dir='ltr'>Ill.</span> <span class='ocrx_word' id='word_1_233' title='bbox 1166 2573 1196 2595; x_wconf 91' lang='lat' dir='ltr'>c.</span> <span class='ocrx_word' id='word_1_234' title='bbox 1213 2561 1248 2594; x_wconf 83' lang='lat'>5·</span> <span class='ocrx_word' id='word_1_235' title='bbox 1273 2562 1303 2605; x_wconf 68' lang='lat' dir='ltr'>(j.</span> <span class='ocrx_word' id='word_1_236' title='bbox 1323 2561 1366 2602; x_wconf 88' lang='lat'>5,</span> <span class='ocrx_word' id='word_1_237' title='bbox 1391 2561 1424 2596; x_wconf 88' lang='lat'>6.</span> <span class='ocrx_word' id='word_1_238' title='bbox 1499 2559 1538 2602; x_wconf 83' lang='lat'>6)</span> <span class='ocrx_word' id='word_1_239' title='bbox 1563 2558 1606 2595; x_wconf 83' lang='lat'>11.</span> 
     </span>
     <span class='ocr_line' id='line_1_32' title="bbox 193 2611 1607 2665; baseline -0.006 -11"><span class='ocrx_word' id='word_1_240' title='bbox 193 2619 264 2664; x_wconf 70' lang='lat' dir='ltr'>lv,</span> <span class='ocrx_word' id='word_1_241' title='bbox 287 2619 352 2665; x_wconf 83' lang='lat'>257</span> <span class='ocrx_word' id='word_1_242' title='bbox 375 2631 472 2664; x_wconf 84' lang='lat' dir='ltr'>seqq.</span> <span class='ocrx_word' id='word_1_243' title='bbox 589 2614 626 2662; x_wconf 93' lang='lat'>7)</span> <span class='ocrx_word' id='word_1_244' title='bbox 652 2615 734 2652; x_wconf 85' lang='lat' dir='ltr'>Vid.</span> <span class='ocrx_word' id='word_1_245' title='bbox 755 2616 869 2661; x_wconf 76' lang='lat' dir='ltr'>Etym.</span> <span class='ocrx_word' id='word_1_246' title='bbox 895 2614 942 2651; x_wconf 85' lang='lat' dir='ltr'>M.</span> <span class='ocrx_word' id='word_1_247' title='bbox 973 2614 1008 2649; x_wconf 89' lang='lat' dir='ltr'>in</span> <span class='ocrx_word' id='word_1_248' title='bbox 1040 2627 1068 2653; x_wconf 83' lang='lat' dir='ltr'>v,</span> <span class='ocrx_word' id='word_1_249' title='bbox 1095 2622 1130 2650; x_wconf 76' lang='lat' dir='ltr'>et.</span> <span class='ocrx_word' id='word_1_250' title='bbox 1157 2614 1201 2650; x_wconf 84' lang='lat' dir='ltr'>ll·</span> <span class='ocrx_word' id='word_1_251' title='bbox 1223 2614 1281 2660; x_wconf 86' lang='lat' dir='ltr'>II,</span> <span class='ocrx_word' id='word_1_252' title='bbox 1307 2627 1381 2652; x_wconf 83' lang='lat'>100.</span> <span class='ocrx_word' id='word_1_253' title='bbox 1499 2612 1537 2657; x_wconf 88' lang='grc'>8)</span> <span class='ocrx_word' id='word_1_254' title='bbox 1561 2611 1607 2651; x_wconf 74' lang='grc' dir='ltr'><strong>ΙΙ.</strong></span> 
     </span>
     <span class='ocr_line' id='line_1_33' title="bbox 190 2671 408 2719; baseline 0 -10"><span class='ocrx_word' id='word_1_255' title='bbox 190 2672 237 2709; x_wconf 71' lang='lat' dir='ltr'>IX</span> <span class='ocrx_word' id='word_1_256' title='bbox 252 2701 262 2719; x_wconf 71' lang='lat'>,</span> <span class='ocrx_word' id='word_1_257' title='bbox 287 2674 342 2710; x_wconf 71' lang='lat'>58.</span> <span class='ocrx_word' id='word_1_258' title='bbox 362 2671 408 2711; x_wconf 63' lang='grc' dir='ltr'>διο</span> 
     </span>
    </p>
   </div>
  </div>
 </body>
</html>
