1780 3120
534 123 1102 175 HOMERICA.
1435 127 1524 174 281

128 276 241 309 cavo
273 255 480 305 interiori
521 254 707 303 inerant
745 257 898 319 virgae
936 265 1219 310 transversae
1259 258 1494 305 coriaceae
1518 292 1532 317 ,

130 339 284 374 aereae
312 321 386 369 vel
412 320 612 384 ligneae,
647 329 789 374 κανόνες
822 321 971 367 dictae
997 334 1014 357 ²
1034 359 1045 378 ‚
1082 323 1237 385 quales
1265 323 1410 370 multa
1439 340 1538 369 mo-

132 387 354 438 numenta
398 395 609 433 veterum
647 385 862 433 exhibere
906 386 1104 434 affirmat
1139 388 1377 451 Heynius,
1427 389 1537 453 qui,

129 462 239 503 sunt
262 468 370 511 eae,
403 452 582 517 inquit,
617 452 667 498 in
703 450 858 498 medio
894 470 1003 498 cavo
1034 461 1317 500 transversae
1354 464 1400 500 et
1434 454 1540 519 qui-

130 520 239 567 dem
268 517 404 564 binae
428 529 479 576 2,
512 516 652 563 altera
682 516 758 563 cui
787 515 1049 575 brachium,
1084 518 1223 564 altera
1267 519 1341 565 cui
1374 536 1541 567 manus

127 583 376 650 adaptetur
398 581 436 628 5.
512 583 582 628 Ita
622 590 669 628 et
707 581 858 628 Schol.
895 591 1046 636 κανόνας
1080 584 1410 646 interpretatur
1441 587 1548 648 ράβ«

129 651 239 707 δους,
273 651 330 702 αἷς
357 649 530 710 ἐκράτουν
563 652 629 702 τας
663 650 822 700 ἀσπίδας
845 647 884 693 4.
977 648 1064 694 His
1101 649 1237 711 igitur
1271 650 1410 712 virgis
1441 666 1552 714 pre·

131 714 330 761 hensum
389 721 572 759 scutum
639 712 982 776 protendebant
1024 723 1280 778 pugnantes
1309 752 1322 772 ,
1384 732 1444 761 ne
1494 716 1544 761 in

132 796 301 843 corpus
327 786 627 842 penetrarent
667 777 782 836 tela,
830 796 1030 842 quorum
1073 779 1302 842 impeturn
1346 782 1548 846 excipie-

132 842 248 890 bant
278 845 409 890 ἀσπίδι
432 841 470 887 5.
562 842 631 887 Ita
677 847 882 890 ὑπασπίδια
913 844 1032 891 hosti
1077 843 1260 891 obviam
1295 843 1447 905 ibant,
1499 845 1549 893 id

133 917 226 963 est,
261 912 328 956 ὑπὸ
363 920 428 961 τῆς
461 910 644 966 ἀσπίδες,
679 906 843 973 clypeo
881 912 998 968 tuti,
1034 909 1159 975 quod
1199 919 1349 956 totum
1382 929 1548 978 corpus

129 971 422 1020 defendebat.

263 1040 451 1101 Δηΐφοβος
485 1037 525 1086 δ’
551 1043 588 1084 ἐν
619 1050 710 1085 τοῖσι
738 1045 837 1098 μέγα
862 1050 1019 1103 φρονέων
1046 1043 1222 1099 ἐβεβήκει

267 1105 478 1165 Πριαμίδης
496 1141 506 1158 ,
542 1108 698 1163 πρόσθεν
729 1104 765 1149 δ’
781 1105 869 1166 ἔχεν
895 1109 1035 1153 &mex
1060 1109 1208 1153 πάντσσ’
1223 1111 1349 1163 ἐΐσην,

264 1172 396 1231 Κσῦφα
427 1173 512 1214 ποσὶ
546 1172 756 1229 προβιβὰς,
794 1176 856 1215 καί
891 1173 1092 1218 ὑπασπίδια
1125 1175 1351 1230 πζῃπυδίζων
1372 1173 1408 1218 5.

137 1236 290 1295 Quem
321 1234 383 1279 ita
415 1234 748 1298 procedentem
776 1234 1007 1283 Meriones
1038 1238 1171 1300 petiit
1215 1237 1370 1297 hasta,
1405 1255 1550 1305 quae,

136 1302 225 1350 etsi
255 1314 281 1343 a
310 1298 504 1364 Trojani
538 1298 700 1363 clypeo
730 1299 858 1347 haud
892 1301 1148 1361 aberraret,

280 1398 544 1412 ......
577 1366 652 1411 εὸτι
685 1367 885 1424 διήλασεν,
920 1371 1019 1414 ἀλλὰ
1051 1372 1142 1414 πολὺ
1176 1373 1262 1431 πρίν

265 1427 340 1475 Ἐν
367 1433 493 1492 καυλῷ
525 1433 615 1493 ἐάγη
635 1447 646 1457 ·
687 1464 995 1482 .......
1030 1438 1214 1497 Δηΐῳσβσς
1248 1436 1287 1480 δὲ

268 1495 432 1543 Ἀσπίδα
466 1505 636 1558 ταυρείην
669 1493 778 1558 σχέθ’
811 1502 883 1544 ἀπὸ
912 1500 975 1557 ἕο,
1012 1501 1110 1547 δεῖσε
1143 1501 1182 1546 δὲ
1216 1504 1325 1565 θυμῷ

256 1559 402 1622 ’Έγχος
435 1559 628 1624 Μηριόναο
660 1562 843 1626 δαΐφρανες
866 1574 904 1610 7.

135 1625 309 1674 Hector

278 1691 412 1745 Πάντη
445 1725 457 1737 .
494 1726 508 1740 .
538 1698 638 1756 ἀμφὶ
670 1694 863 1756 φάλαγγας
893 1700 1061 1759 ἐπειρᾶτο
1093 1700 1344 1761 προποδιζων,

278 1759 408 1809 Εἵπως
441 1764 471 1802 οἱ
504 1759 638 1811 εἴξειαν
671 1761 878 1806 ὑπασπίδια
906 1767 1154 1824 προβιβῶντι.

270 1817 378 1866 Ἀλλ’
403 1825 443 1866 οὐ
477 1827 609 1884 σύγχει
644 1828 756 1884 θυμὸν
789 1831 848 1871 ε’πῖ
881 1833 1080 1880 στήθεσσιν
1113 1828 1280 1892 Ἀχαιῶν
1302 1833 1342 1878 8.

141 1885 385 1934 Praeterea
419 1884 497 1931 vel
533 1887 756 1934 inclinato
792 1901 897 1953 post
943 1902 1122 1939 scutum
1174 1913 1367 1961 corpore
1401 1893 1472 1940 vel
1506 1896 1559 1944 in

141 1968 288 1997 unum
337 1960 572 1998 contracto
606 1951 762 2000 hastae
797 1957 942 2004 ictum
987 1959 1261 2021 evitabant,
1309 1971 1360 2008 ut
1393 1962 1560 2009 Merio-

136 2032 247 2064 nes:

1485 2094 1560 2142 Αἰ-

189 2228 228 2272 ι)
253 2227 478 2272 Eustathius‚
498 2241 642 2275 eumque
656 2238 790 2267 secutus
805 2231 958 2276 Kb'ppen.
972 2261 981 2278 ,
1004 2233 1047 2268 iis
1068 2235 1263 2275 τελαμῶνα
1286 2237 1443 2273 innexum
1460 2240 1566 2276 fuisse

147 2282 286 2320 natust:
325 2282 374 2317 ita
407 2283 500 2316 enim
525 2283 605 2318 ille:
645 2286 823 2330 κανόνες,
850 2289 889 2319 αἱ
913 2293 977 2329 τῆς
1003 2289 1158 2329 ἀσπίδος
1194 2291 1352 2336 ῥάβδοι,
1390 2294 1449 2333 ἀφ’
1473 2287 1521 2328 ὧν
1542 2296 1563 2329 ὅ

148 2335 316 2375 τελαμὼν
355 2338 497 2379 ἐξῆπτο,
638 2340 686 2382 2)
713 2339 809 2381 Quod
841 2341 979 2375 disertis
1015 2343 1127 2378 verbis
1164 2353 1279 2378 monet
1309 2346 1480 2383 Homerus
1516 2350 1561 2389 ΙΙ,

150 2389 261 2432 XIII,
285 2400 363 2436 407.
413 2391 509 2426 Alibi
538 2392 666 2437 plurali
690 2395 759 2427 sere
788 2407 930 2429 numero
956 2397 1066 2431 utitur
1090 2407 1128 2432 ut
1162 2399 1205 2434 ll.
1235 2399 1346 2444 VIII,
1386 2404 1459 2448 193.
1497 2412 1565 2440 etc.

149 2444 188 2488 5)
215 2443 294 2479 vid.
318 2445 429 2490 Περι.
459 2446 539 2481 Nar.
582 2448 689 2482 Lcctt.
717 2456 752 2482 et
786 2448 926 2485 Observa
952 2450 995 2483 ad
1025 2451 1068 2487 11.
1092 2452 1201 2497 UH,
1230 2466 1305 2499 ²92·
1336 2455 1378 2489 ad
1406 2469 1439 2503 q.
1466 2457 1489 2494 l.
1515 2459 1562 2497 ef.

149 2496 302 2541 Koppen.
419 2500 458 2542 4)
485 2500 601 2537 Schol.
635 2501 676 2538 B.
704 2502 746 2535 ad
775 2502 820 2538 Il.
842 2504 866 2538 1.
890 2502 913 2538 l.
948 2505 988 2538 ad
1013 2518 1044 2550 q.
1069 2506 1112 2541 cf.
1139 2507 1297 2544 Eustath.
1415 2511 1454 2556 5)
1480 2512 1563 2552 Vid.

148 2550 193 2586 ll.
216 2550 322 2598 XIII,
346 2555 422 2599 807,
448 2555 530 2602 XX,
553 2559 616 2592 261
636 2584 646 2600 ‚
671 2559 748 2600 278.
775 2556 820 2593 al.
924 2558 961 2602 6)
986 2559 1029 2595 Il.
1044 2560 1151 2600 XIII,
1178 2564 1241 2597 156
1260 2575 1354 2610 seqq.
1456 2565 1496 2613 7)
1520 2567 1564 2606 Il.

150 2604 190 2641 L.
210 2604 238 2642 l.
263 2617 309 2642 vs.
326 2609 385 2644 161
408 2619 501 2654 seqq.
623 2609 660 2655 8)
686 2609 730 2648 11.
756 2612 797 2648 L.
821 2610 845 2648 l.
868 2623 916 2650 vs.
937 2615 1002 2652 &06
1024 2625 1119 2661 seqq.

1175 2669 1242 2706 85
