1750 3116
148 141 232 169 xx'v
497 130 719 166 OPERIS
768 130 1209 166 CONSPECTUS.

159 245 262 284 Capat
284 243 343 275 xi.
388 242 439 275 De
461 240 605 282 Magicis
620 239 758 273 artibus.

273 300 292 344 §
332 311 359 333 1.
405 301 454 332 D„-
477 299 580 340 magia
607 308 648 330 ex
673 299 842 337 Odysseae
867 295 951 328 libro
984 294 1160 328 undecimo
1175 319 1187 336 ‚
1209 305 1307 336 quem
1328 296 1479 330 αὴὗὶάτ

240 356 393 388 dixerunt
413 362 556 387 veteres.
650 375 662 386 .
751 373 763 385 .
849 374 859 384 .
953 370 964 384 .
1052 372 1063 383 .
1151 370 1163 381 .
1252 372 1263 383 .
1349 373 1360 384 .
1406 361 1479 392 pag.
1504 360 1562 392 43⁴

274 412 306 458 ἓ.
327 422 362 446 2.
406 411 536 453 Magiae
569 407 601 440 in
635 407 808 447 homines,
844 406 965 438 bestias
999 412 1033 438 et
1069 404 1138 444 ipsa
1168 406 1279 438 mundi
1318 407 1480 439 elementa

243 469 406 508 effectus,
440 468 481 498 ad
510 473 634 504 eosque
671 463 868 495 avertendos
903 462 1048 494 adhibita
1081 458 1262 492 ἆντίδοτα
1294 471 1335 494 ex
1364 460 1483 493 Feithii

242 522 404 556 sententia
426 522 608 553 traduntur.
733 541 744 552 .
835 538 845 551 .
932 539 944 550 .
1033 533 1047 542 ·
1134 540 1146 552 .
1232 539 1244 550 .
1332 537 1343 548 .
1430 534 1443 547 .
1505 526 1564 556 43.

274 578 309 622 ἓ.
331 587 365 618 3.
410 577 529 608 Nostra
544 578 583 609 de
599 575 874 608 incantationibus
892 582 926 607 et
948 573 1155 612 ἀντιδότοις
1178 571 1363 612 sententia,
1390 577 1480 609 salva

243 633 394 673 meliori,
421 633 609 672 exponitur.
834 650 846 662 .
1233 648 1246 663 .
1333 649 1346 661 .
1434 651 1446 662 .
1510 641 1567 672 44.

164 690 271 729 Caput
293 687 373 720 XII.
418 688 470 719 De
494 685 678 719 Funerandi
699 684 870 725 religione.

277 744 307 789 ἓ.
333 752 364 776 1.
409 742 633 784 Quaecunque
657 740 788 781 pietatis
807 740 918 781 signa,
942 748 960 770 a
980 739 1139 773 moriente
1161 740 1269 780 edita,
1290 740 1406 780 cupide
1428 747 1489 773 ex·

245 800 431 841 cipiebant‚
454 809 566 832 eorutn
588 808 700 832 manus
719 796 867 838 inprimis
892 797 1084 836 premebant
1108 804 1142 830 et
1165 797 1315 829 mandata
1340 804 1487 829 extrema

246 856 399 898 religiose
423 857 656 889 observabant.
747 875 762 889 .
848 875 861 887 .
947 875 959 886 .
1040 871 1054 884 .
1141 871 1154 885 .
1242 875 1255 886 .
1343 875 1355 886 .
1439 872 1454 886 .
1518 861 1579 893 45.

278 913 310 957 §-
333 923 367 945 2.
413 912 625 944 Morientiurn
647 911 764 943 oculos
784 911 1000 951 claudebant,
1017 918 1050 943 et
1068 919 1106 943 os
1127 917 1318 951 ceterasque
1343 910 1491 949 corporis

251 974 361 1007 partes
384 967 503 999 decore
524 969 767 1008 componebant
787 975 957 1008 parentes,
973 965 1149 1008 conjuges,
1172 965 1267 999 liberi
1280 965 1377 998 aliive
1395 963 1490 1005 ipsis,

249 1022 326 1054 dum
347 1022 378 1053 in
406 1021 492 1053 vivis
511 1030 618 1054 essent
633 1046 644 1062 ‚
667 1023 839 1056 carissimi.
947 1046 957 1056 .
1046 1045 1057 1056 .
1145 1044 1157 1055 .
1246 1043 1257 1054 .
1347 1041 1359 1052 ο
1443 1034 1456 1051 ὸ
1521 1027 1577 1058 45·

281 1080 311 1125 ἓ.
337 1089 370 1119 3.
417 1078 585 1112 Cadavera
618 1079 771 1111 lavabant
800 1087 835 1112 et
852 1078 1061 1119 unguebant,
1086 1085 1121 1110 ut
1142 1087 1159 1109 a
1182 1077 1354 1118 putredine
1376 1083 1496 1114 corpus

251 1141 420 1167 tuerentur
444 1141 478 1166 et
503 1133 624 1166 mortui
648 1133 823 1176 imaginem
851 1134 967 1168 saltem
995 1135 1059 1167 sibi
1091 1141 1272 1167 servarent.
1338 1132 1415 1173 Quo
1441 1130 1497 1170 Ρῑθ

251 1189 368 1223 officio
391 1198 425 1222 et
447 1188 513 1222 Dei
535 1189 566 1221 in
592 1189 740 1221 homines
754 1213 765 1229 ‚
782 1198 866 1229 quos
885 1190 1099 1229 adamabant,
1113 1189 1275 1230 perfuncti
1296 1189 1478 1221 traduntur.
1523 1186 1580 1227 46.

284 1248 316 1293 ἓ.
338 1257 373 1288 4.
417 1247 504 1279 Tum
527 1246 630 1278 linteo
661 1245 845 1278 involutum
870 1245 992 1277 mortui
1012 1254 1131 1284 corpus
1158 1245 1191 1276 in
1213 1245 1300 1277 lecto
1324 1243 1415 1276 ferali
1438 1242 1497 1274 de·

254 1304 421 1345 ponebant
452 1301 564 1346 φάρεϊ
596 1307 740 1340 tectum,
775 1308 810 1333 et
837 1299 869 1332 in
902 1298 987 1331 atrio
1011 1300 1151 1339 pedibus
1179 1298 1212 1331 in
1237 1307 1367 1339 portam
1392 1297 1499 1330 versis

253 1358 473 1391 collocabant.
547 1377 558 1387 .
647 1376 658 1388 .
745 1376 758 1387 .
846 1375 858 1388 .
949 1374 961 1386 .
1049 1375 1060 1387 .
1149 1374 1162 1386 .
1249 1376 1262 1393 ,
1347 1374 1359 1385 .
1447 1373 1460 1385 .
1523 1359 1580 1394 47·

284 1414 317 1459 ἓ.
342 1423 375 1455 5.
422 1412 573 1444 Cadaver
593 1408 783 1442 circumfusi
806 1410 976 1444 solennem
1003 1411 1124 1444 lectum
1153 1410 1388 1449 ordiebantur,
1416 1415 1501 1448 quae

255 1468 397 1501 lamenta
422 1475 481 1507 per
505 1467 614 1506 plures
633 1465 703 1497 dies
730 1475 747 1497 a
773 1467 947 1508 cognatis,
970 1468 1085 1500 amicis
1112 1475 1146 1500 et
1180 1465 1354 1505 aliquando
1379 1473 1396 1496 a
1420 1474 1500 1496 con·

257 1522 404 1556 dut-titiis
430 1521 681 1560 excitabantur,
703 1528 825 1553 certam
849 1522 882 1554 in
908 1522 948 1554 iis
973 1531 1120 1554 normam
1147 1521 1284 1554 secutis.
1350 1542 1361 1552 .
1448 1542 1462 1553 .
1528 1521 1583 1561 48.

290 1578 321 1623 5.
341 1575 377 1609 6.
439 1576 499 1608 His
526 1575 726 1607 accedebant
753 1574 816 1606 alia
846 1575 970 1610 doloris
1002 1577 1115 1619 signa:
1144 1578 1275 1613 evulsas
1302 1576 1365 1609 sibi
1389 1585 1501 1609 comas

261 1632 294 1665 in
316 1633 474 1664 cadavera
502 1628 736 1668 conjiciebant.
951 1652 963 1666 .
1051 1655 1063 1666 .
1153 1655 1164 1666 .
1252 1654 1263 1665 .
1353 1653 1365 1664 .
1453 1655 1464 1666 .
1531 1644 1587 1676 49.

293 1688 322 1733 ἓ.
346 1697 380 1729 7.
427 1686 574 1726 Corpore
602 1686 634 1718 in
662 1693 777 1719 terram
804 1686 935 1728 dejecto
960 1697 1126 1722 corrasum
1162 1687 1332 1727 pulverem
1361 1688 1426 1722 sibi
1449 1690 1500 1722 in·

261 1744 471 1784 spergebant.
1065 1766 1076 1777 .
1161 1766 1173 1776 .
1263 1766 1274 1777 .
1357 1766 1369 1777 .
1457 1767 1469 1778 .
1533 1758 1589 1791 5ο.

295 1797 326 1843 ἓ.
348 1801 382 1832 8.
429 1799 539 1831 Genas
566 1798 771 1837 lacerabant,
792 1805 926 1838 pectora
953 1799 1157 1840 tundebant,
1180 1799 1316 1841 aliisque
1342 1802 1450 1836 modis
1471 1803 1505 1836 in

263 1865 357 1888 suum
384 1853 445 1893 ipsi
473 1861 591 1892 corpus
614 1853 818 1885 saeviebant.
863 1875 874 1886 .
1157 1875 1170 1888 .
1257 1875 1268 1889 .
1358 1880 1370 1891 .
1458 1881 1469 1893 .

296 1910 327 1955 ἓ.
348 1921 383 1951 9.
428 1909 572 1941 Patrocli
594 1908 757 1940 desiderio
778 1916 887 1941 motus
912 1910 1059 1944 Achilles
1083 1912 1173 1943 omni
1195 1911 1272 1944 cibo
1290 1919 1325 1945 et
1344 1921 1424 1952 potu
1448 1916 1506 1948 ab·

266 1965 394 1998 stinuit.
438 1963 626 2003 Aliquando
652 1964 754 1996 luctui
790 1964 994 2006 indulgentes
1020 1968 1111 1999 domi
1135 1967 1306 2006 desident,
1340 1967 1372 1999 in
1400 1979 1507 2010 eoque

267 2020 427 2054 interdum
456 2019 552 2052 fuisse
583 2020 760 2058 dicuntur,
784 2027 818 2052 ut
843 2028 982 2052 mortem
1011 2020 1072 2053 sibi
1101 2020 1163 2062 ipsi
1191 2023 1449 2059 consciscerent.

184 2073 293 2117 Caput
315 2076 415 2110 X111.
457 2076 508 2106 De
538 2075 743 2108 Cadaver-um
767 2073 1010 2107 combustione.

299 2131 333 2176 §-
359 2141 389 2164 1.
435 2131 501 2164 Ubi
525 2132 654 2163 tandem
681 2138 883 2162 mortuorum
905 2138 1023 2169 corpus
1052 2131 1127 2164 tabe
1155 2134 1417 2176 deformabatur‚
1440 2137 1508 2178 igni

270 2188 526 2220 comburendum
551 2187 666 2220 αὐτὸν
688 2186 917 2227 imponebant,
931 2194 967 2218 ut
983 2186 1055 2225 ejus
1077 2188 1232 2224 εἴδωλον
1252 2193 1366 2226 saltem
1387 2190 1511 2225 inferos

270 2242 395 2274 salvum
421 2242 538 2273 adiret.

1534 1870 1590 1903 50.

1535 2038 1590 2071 ⁵¹·

1266 2268 1278 2281 .
1361 2268 1372 2280 .
1460 2269 1472 2282 .
1563 2256 1595 2283 ι.

299 2298 333 2343 ἓ.
356 2307 389 2329 2.
436 2296 610 2337 Cadaver,
639 2297 671 2329 in
699 2298 788 2330 lecto
817 2297 909 2330 ferali
939 2298 1039 2330 domo
1067 2301 1211 2342 elatum,
1245 2301 1436 2343 propinquis
1460 2309 1512 2336 at·
1537 2258 1557 2291 ⁵

271 2364 334 2394 que
360 2353 473 2385 amicis
498 2353 594 2386 funus
622 2356 915 2395 prosequentibus,
938 2355 970 2386 in
994 2365 1073 2396 pyra
1096 2357 1315 2389 collocabant.
1361 2379 1372 2390 .
1460 2378 1473 2392 .
1538 2368 1593 2401 52.

302 2409 334 2454 ς.
359 2419 393 2450 3.
438 2408 492 2440 Ad
515 2418 628 2448 pyram
655 2410 809 2442 victimae
839 2411 1070 2443 caedebantur.
1128 2412 1305 2453 Singularis
1335 2415 1416 2448 ritus
1444 2423 1510 2448 tra-

273 2465 379 2503 ditur,
403 2472 468 2504 quo
495 2463 527 2494 in
559 2463 701 2496 Patrocli
726 2468 886 2499 cadavere
908 2468 1082 2499 cremando
1108 2476 1184 2499 usus
1207 2478 1259 2502 cst
1284 2471 1445 2504 Achilles.

305 2521 337 2566 §-
359 2532 392 2561 4.
439 2520 588 2559 Mortui,
624 2519 755 2551 alteram
789 2521 882 2560 quasi
913 2522 1036 2561 vitam,
1067 2523 1166 2563 priori
1189 2525 1385 2557 simillimam
1418 2533 1512 2567 agere

273 2575 452 2616 iisdemque
485 2573 600 2608 studiis
634 2575 812 2615 delectari,
850 2578 1084 2618 censebantur,
1119 2588 1201 2618 quae
1237 2580 1308 2613 vivi
1336 2582 1510 2614 adamave-

1538 2482 1596 2514 52·

1499 2644 1596 2669 [211ῑὲ
