1780 3120
471 385 1290 451 ADDENDA.

169 650 291 715 rag.
317 659 357 702 3.
390 668 486 703 not.
515 673 554 704 1.
617 656 692 701 Cf.
720 648 909 701 Nitzsch
925 650 974 697 in
995 654 1172 712 Proleg.
1192 653 1250 698 ad
1268 653 1376 698 adn.
1400 652 1449 697 in
1464 652 1596 698 Hom.

299 716 463 776 Odyss.
505 732 554 774 p.
586 716 698 760 XIV
747 725 793 757 et
836 714 888 757 C..
929 714 984 756 L.
1026 714 1307 767 Gammann,
1337 712 1592 757 Vorschule

291 773 385 816 etc.
416 790 465 833 p.
488 788 586 828 207.
652 820 654 822 ,
1529 812 1532 815 .

183 827 235 872 Ρ.
261 832 302 874 5.
338 833 381 886 §.
402 832 446 874 5.
506 829 582 872 Cf.
617 829 684 871 Μ.
715 827 971 871 casauboni
1000 827 1059 869 Is.
1096 826 1182 870 Fil.
1226 826 1485 869 dissertatio
1511 841 1594 867 su-

295 901 377 942 per
406 886 507 928 loco
546 885 789 928 Homerico
836 884 1001 925 dubiae
1037 883 1159 941 apud
1200 885 1410 942 antiquos
1442 884 1594 925 inter-

296 942 596 999 pretationis,
638 955 728 999 quo
772 940 855 982 Dei
895 942 944 982 in
979 940 1216 982 hominum
1252 953 1342 983 tam
1386 951 1594 988 mentes,

296 1015 433 1053 quam
457 998 661 1041 fortunas
689 998 930 1053 imperium
960 997 1206 1039 asseritur:
1242 997 1414 1040 inserta
1447 996 1592 1047 libro,

294 1056 354 1098 de
379 1057 566 1114 Nupera
586 1055 769 1097 Homeri
790 1053 989 1097 editione
1018 1055 1443 1110 Lugduno-Batava
1466 1055 1591 1097 Hac-

294 1113 426 1156 kiana
452 1126 539 1155 etc.
574 1110 790 1154 Londini.
823 1127 897 1153 an.
932 1112 1055 1169 1659.

180 1170 232 1214 Ρ.
257 1171 300 1215 5.
334 1181 428 1212 not.
456 1185 497 1212 2.
558 1172 612 1213 D.
645 1170 697 1212 C.
734 1168 962 1225 Seybold,
1003 1162 1141 1226 super
1179 1167 1379 1228 Odyssea
1419 1169 1552 1211 Hom.
1575 1199 1590 1223 ,

294 1226 450 1278 (Halae
472 1226 528 1268 ad
557 1225 705 1270 Salam
730 1242 800 1267 an.
821 1227 949 1283 1769)
974 1226 1021 1268 in
1046 1239 1141 1269 not.
1167 1226 1223 1268 ad
1250 1245 1295 1285 p.
1320 1230 1418 1276 56.,
1450 1226 1594 1269 saturn

294 1285 584 1328 Homericum
609 1316 620 1336 ‚
652 1284 804 1341 inquit
824 1314 836 1334 ‚
871 1299 1108 1326 commune
1138 1286 1331 1326 Deorum
1354 1283 1591 1327 consilium

293 1357 388 1385 esse
425 1343 473 1383 iu
515 1357 567 1384 eo
613 1341 724 1384 mihi
764 1339 1023 1383 observasse
1063 1340 1237 1384 videor.
1312 1341 1367 1384 ll.
1400 1360 1463 1390 π,
1507 1341 1594 1385 45⁷4.

293 1399 475 1457 Jupiter
512 1408 654 1453 μοῖραν
699 1413 791 1440 esse
836 1398 896 1439 ait
919 1428 931 1450 ‚
978 1409 1028 1439 ut
1054 1416 1077 1440 a
1108 1397 1316 1440 Patroclo
1353 1398 1593 1440 occidatur

294 1455 557 1515 Sarpedon,
590 1468 731 1513 utque
760 1455 884 1497 hunc
913 1456 1067 1497 mortis
1100 1457 1243 1513 possit
1269 1457 1449 1511 eripere
1485 1456 1592 1496 sau-

295 1513 422 1555 cibus
441 1524 582 1570 optat.
646 1517 705 1556 At
733 1512 924 1567 insurgit
952 1514 1097 1554 Juno:
1134 1514 1238 1567 ἕρδ’,
1268 1516 1375 1566 οἱτοὶρ
1405 1532 1444 1557 κ.
1475 1532 1514 1557 τ.
1546 1526 1589 1559 λ.

292 1571 415 1612 Hinc
458 1571 496 1611 si
537 1570 717 1630 Jupiter
753 1568 837 1620 id,
885 1570 1008 1627 quod
1059 1581 1217 1611 contra
1264 1569 1409 1612 fatum
1451 1570 1586 1618 savit,

294 1638 451 1669 contra
499 1626 697 1668 Deorum
737 1626 938 1668 omnium
983 1626 1265 1686 reliquorum
1310 1626 1591 1671 voluntatem

292 1684 405 1726 facit
427 1702 439 1726 z
476 1683 588 1741 quid
638 1683 779 1725 fatum
813 1694 880 1724 est
921 1682 1043 1725 aliud
1063 1716 1072 1734 ‚
1104 1700 1240 1735 quam
1271 1685 1470 1726 Deorum
1501 1700 1588 1726 vo-

297 1739 448 1782 luntas
490 1742 755 1784 unanimis?
813 1739 945 1782 Idem
985 1740 1227 1801 apparebit
1272 1740 1363 1782 Od.
1398 1759 1437 1790 ι,
1484 1742 1588 1784 530.

289 1795 365 1839 cll.
397 1816 453 1848 οι,
485 1800 539 1853 76
567 1813 698 1857 seqq.
759 1797 840 1840 Uti
861 1797 998 1849 igitur
1026 1797 1108 1840 sub
1144 1798 1238 1839 fato
1267 1797 1588 1854 intelliguntur

292 1853 478 1897 decreta
522 1856 748 1908 Deorum,
778 1857 840 1897 ita
868 1856 1048 1912 Jupiter
1073 1885 1087 1904 ,
1128 1866 1178 1897 ut
1220 1855 1402 1898 concilii
1441 1855 1588 1897 divini

293 1912 548 1968 interpres,
581 1927 667 1969 pro
703 1911 794 1954 fato
817 1912 920 1970 ipso
940 1913 1148 1959 sumitur.
1211 1911 1286 1955 Sic
1319 1928 1358 1955 e.
1385 1929 1427 1968 g.
1455 1912 1511 1954 Il.
1538 1932 1584 1966 (κ,

292 1975 335 2012 4.
370 1985 510 2023 quare
538 1980 582 2011 et
605 1968 662 2011 ad
689 1968 818 2011 illum
855 1969 937 2011 sub
970 1968 1174 2026 plurium
1209 1985 1402 2023 persona
1427 1986 1588 2026 preces

292 2025 556 2081 diriguntur
581 2026 768 2070 -Vi·d.
803 2028 1053 2069 Cammann
1087 2028 1179 2084 Op.
1216 2025 1248 2068 l.
1287 2043 1333 2082 p.
1368 2029 1445 2071 153
1487 2044 1584 2086 seq.

291 2094 338 2125 et
381 2086 461 2126 203
489 2099 622 2142 seqq.
677 2083 749 2128 Cf.
787 2084 841 2127 ΙΙ.
868 2084 940 2132 Π,
977 2086 1060 2128 155
1088 2099 1187 2140 seq.
1234 2085 1374 2133 VIII,
1409 2087 1462 2141 69
1488 2102 1585 2143 sess.

288 2140 411 2190 XII,
441 2141 542 2186 402.
587 2141 680 2183 Ο(1.
709 2141 801 2190 ΙΙΙ,
836 2143 1073 2185 256—58.
1118 2142 1210 2191 IV,
1257 2142 1354 2185 208.
1398 2144 1467 2193 V,
1499 2144 1587 2185 455

289 2214 420 2255 seqq.
451 2196 617 2257 aliique
647 2198 767 2248 loci,
804 2212 919 2258 quos
954 2198 1062 2240 citat
1093 2198 1282 2242 Auctor.
1306 2199 1366 2241 cf.
1398 2201 1587 2244 Nitzsch

289 2254 467 2310 Proleg.
501 2272 548 2315 p.
583 2256 670 2300 XV
701 2270 796 2314 seq.
855 2258 921 2299 De
952 2272 993 2299 v.
1027 2262 1156 2312 Κῆρες
1183 2255 1276 2300 vid.
1314 2257 1504 2299 Nitzsch
1539 2269 1586 2301 et

274 2314 563 2356 'Gammanm
598 2312 627 2355 l.
652 2313 683 2354 l.
782 2363 784 2366 .

155 2363 226 2414 μΡ.
249 2372 290 2417 5.
350 2371 547 2414 Nuntia
577 2371 712 2413 Eris.
772 2369 961 2413 Hermes
985 2367 1066 2412 hat
1085 2367 1175 2411 den
1199 2369 1351 2412 dienst
1379 2367 1457 2412 des
1486 2373 1585 2414 Βὸ-

286 2426 396 2469 then
417 2459 426 2476 ‚
457 2427 578 2469 doch
612 2426 741 2469 nicht
768 2443 816 2469 so
847 2427 953 2469 sehr
995 2441 1073 2470 um
1100 2427 1308 2475 einfache
1339 2427 1585 2486 Auftriige,

285 2483 587 2536 Rathschlagze
644 2482 741 2526 und
797 2485 1097 2540 VVarnungen
1134 2500 1189 2525 zu
1241 2484 1584 2540 iiberbringen,

288 2541 487 2583 sondern
517 2541 737 2584 vielmehr
761 2542 809 2583 in
833 2540 1019 2584 solchen
1052 2541 1234 2591 Fallen,
1265 2554 1332 2584 wo
1357 2542 1430 2583 ein
1459 2544 1580 2585 Ans..

287 2598 447 2644 seber.
484 2602 719 2648 ssesorgen
762 2598 1029 2643 Vermittler
1071 2597 1168 2639 und
1213 2598 1584 2646 Friedensstifter

287 2656 449 2713 nothig
477 2656 554 2702 ist.
599 2657 699 2700 Den
721 2656 874 2700 dienst
893 2656 1014 2701 eines
1034 2655 1380 2746 gexx*gli3nliclien
1405 2659 1586 2705 Bothen

1477 2733 1586 2762 ver·-
