1729 3112
480 113 1141 161 PROOEMIUM.
1461 131 1507 161 xt

92 249 195 306 nia,
216 244 463 294 maximam
494 252 618 290 certe
646 253 827 308 partem
848 243 1095 290 latuerunt.
1145 242 1216 288 Tu
1243 243 1382 305 igitur
1399 284 1411 302 ,
1439 247 1503 294 ita

92 324 348 373 monebant
374 322 478 382 Illi,
514 331 565 368 tu
597 321 769 371 Feithii
799 320 972 369 librum
1001 329 1186 382 auctum
1212 330 1259 366 et
1286 323 1506 372 emenda-

92 413 195 451 tum
214 401 371 449 denuo
402 399 526 448 edito
544 438 556 459 ,
594 417 738 467 eaque
766 399 831 448 illi
864 399 1098 446 literarum
1119 399 1404 447 Graecarum
1431 400 1507 448 lu-

91 482 218 529 mina
246 479 513 544 adjungito,
549 496 665 544 quae
694 479 781 527 hac
820 488 975 527 nostra
1015 486 1161 525 aetate
1188 486 1345 526 exorta
1375 488 1511 526 sunt:

91 577 184 627 quo
218 560 362 619 facto,
401 557 630 606 studiosae
670 559 896 623 juventuti
925 558 1042 622 grati
1078 556 1194 623 quid
1236 557 1410 620 egeris,
1454 558 1512 605 il-

94 637 271 704 ludque
294 637 546 703 perfeceris
562 675 575 696 ,
612 637 762 702 quod,
796 646 849 683 ut
872 638 922 683 in
939 636 1109 683 nostris
1125 672 1140 695 ,
1164 636 1228 682 ita
1248 635 1296 681 in
1314 635 1512 682 aliorum

63 772 67 777 ⁵
93 717 210 765 votis
239 720 334 782 jam
357 715 538 762 dudum
557 716 696 762 fuisse
721 715 805 762 tibi
826 713 1052 762 affirmare
1078 714 1194 761 nulli
1221 713 1507 762 dubitamus.

155 794 283 841 Haec
315 793 396 841 illi.
463 797 556 856 Ego
588 809 698 840 vero
728 810 754 839 a
781 792 922 839 tantis
956 793 1066 839 viris
1111 791 1358 840 consilium
1401 810 1511 858 pro-

91 871 196 920 bari
226 872 451 937 gaudens,
502 871 648 919 laetus
687 880 735 918 et
771 887 925 918 morae
963 871 1240 936 impatiens,
1289 871 1405 937 quid
1435 891 1513 920 va·

89 950 220 998 leant
248 953 398 1010 vires,
431 951 659 1016 experior.
730 950 786 999 In
813 967 905 1015 quo
939 966 1080 1015 opere
1113 950 1395 1016 aliquamdiu
1430 970 1509 998 oc-

88 1038 288 1094 cupatus
306 1067 318 1089 ‚
345 1030 467 1076 locos
483 1046 539 1076 ex
555 1029 653 1076 aliis
671 1036 854 1094 praeter
869 1028 1128 1076 Homerum
1151 1031 1343 1094 ejusque
1368 1031 1511 1078 inter-

86 1117 241 1172 pretes
271 1107 536 1155 auctoribus
565 1108 730 1154 ductos
758 1107 1022 1154 Homericis
1051 1124 1076 1152 a
1099 1106 1279 1154 Feithio
1297 1108 1511 1155 interser-

85 1194 161 1233 tos
176 1184 287 1234 vidi.
339 1185 513 1232 Utrum
537 1194 660 1232 recte
689 1194 736 1232 et
752 1188 852 1250 jure
875 1184 924 1232 id
941 1185 1113 1232 factum
1130 1194 1248 1232 esset
1265 1186 1511 1234 vehemen-

89 1272 162 1310 ter
196 1261 417 1328 equidem
454 1261 742 1310 dubitabam.
819 1263 935 1322 Quis
975 1263 1103 1310 enim
1139 1264 1510 1313 testimoniorum

88 1357 146 1387 ex
163 1341 335 1387 Literis
356 1341 497 1386 sacris
515 1376 528 1398 ,
562 1342 791 1398 Pindaro,
827 1339 1057 1406 Sophocle
1073 1378 1086 1400 ,
1121 1342 1348 1408 Euripide
1366 1381 1379 1401 ,
1412 1346 1510 1391 Ari-

85 1417 314 1482 stophane
332 1455 345 1477 ,
378 1416 625 1483 Apollonio
654 1416 865 1477 Rhodio,
895 1420 956 1479 Q.
994 1419 1274 1485 Smyrnaeo,
1310 1437 1365 1469 ex
1394 1423 1510 1487 juris

85 1495 251 1542 codice
285 1495 476 1561 aliisque
516 1494 781 1543 auctoribus
818 1495 1136 1545 desumtorum
1177 1501 1229 1547 in
1258 1500 1507 1551 Homerica

85 1573 359 1640 antiquitate
391 1592 500 1621 usus
535 1591 632 1621 esse
663 1575 872 1639 poterit?
916 1574 1099 1635 Quibus
1130 1579 1168 1625 si
1195 1579 1299 1645 quis
1335 1582 1403 1628 uti
1433 1599 1510 1629 ve-

84 1650 159 1709 lit,
194 1668 280 1698 nae
320 1650 397 1698 ille
436 1652 663 1700 Graecam
703 1653 1026 1719 antiquitatem
1059 1657 1367 1706 universalem
1398 1677 1512 1707 con-

85 1728 286 1788 scribat,
322 1739 404 1790 ut,
440 1731 554 1798 quid
580 1732 629 1778 in
657 1731 853 1791 ritibus,
889 1732 1099 1782 moribus
1124 1744 1169 1782 et
1194 1736 1418 1785 institutis
1452 1756 1508 1786 ex

88 1823 198 1854 aevo
232 1806 419 1856 heroico
455 1819 688 1857 servatum
709 1849 721 1870 ,
763 1810 938 1876 quidve
977 1821 1208 1861 mutatum
1244 1817 1332 1873 sit,
1377 1834 1512 1864 accu-

87 1894 189 1930 rate
216 1886 479 1949 expositum
507 1887 729 1952 exemplis
755 1887 957 1937 illustret
982 1899 1030 1937 et
1053 1892 1314 1941 confirmet.
1365 1896 1505 1958 Quod

86 1962 167 2027 qui
204 1971 334 2026 agat,
381 1964 547 2012 eodem
578 1982 667 2013 nec
706 1969 887 2015 minore
919 1972 1020 2032 jure
1053 1970 1392 2033 recentiorum,
1429 1978 1503 2023 in-

86 2039 338 2088 cultiorum
367 2044 664 2108 praesertim,
696 2046 979 2111 populorum
1011 2064 1191 2107 mores,
1228 2050 1437 2101 instituta
1460 2064 1505 2102 et

87 2127 241 2166 cetera
274 2119 539 2186 collegerit,
578 2131 632 2169 ut
664 2141 781 2190 quae
817 2134 865 2172 et
895 2125 968 2173 his
1000 2134 1046 2172 et
1080 2126 1269 2177 Graecis
1299 2149 1505 2180 commu-

90 2198 191 2256 nia,
228 2216 345 2264 quae
374 2200 564 2265 singulis
588 2202 777 2268 propria
810 2204 1009 2264 fuerint,
1044 2216 1244 2269 exponat
1271 2224 1327 2256 ex
1358 2227 1503 2278 eaque

87 2278 428 2340 comparatione
470 2279 643 2326 variam
686 2279 856 2333 efficiat
890 2283 1175 2349 populorum
1212 2285 1417 2336 indolem
1456 2299 1503 2337 et

1420 2385 1505 2415 na-

86 2495 210 2537 quam
236 2490 326 2537 post
363 2499 386 2525 a
418 2487 502 2526 suis
541 2497 774 2543 conspectus
807 2499 890 2535 est,
927 2494 1088 2546 ingenti
1114 2494 1339 2535 litterarum
1377 2498 1501 2538 detri-

85 2558 231 2590 mento.
287 2553 344 2593 Ita
365 2554 486 2593 Heur.
511 2555 733 2598 Brumanus
770 2560 809 2598 in
835 2561 958 2614 Epist.
988 2561 1038 2601 ad
1065 2561 1099 2601 J.
1128 2563 1313 2605 coccium
1330 2595 1339 2613 ,
1374 2566 1503 2606 Feith.

89 2621 216 2672 Antiq.
236 2621 352 2661 Hom.
383 2623 626 2665 editionibus
649 2627 841 2679 praefixa.
