1780 3120
588 133 1163 216 ΗΟΜΕΒῙΟΑ.
1503 182 1583 213 ιιι

235 304 276 369 ξ.
313 301 358 351 3.
424 300 544 347 Cum
572 296 757 363 vesperi
793 296 894 344 fere
930 311 1016 362 per
1051 293 1220 342 urbem
1251 296 1428 343 solenni
1460 313 1589 361 pom-

170 388 229 437 pa
258 371 308 417 in
342 366 500 433 sponsi
537 365 730 413 domum
754 379 873 411 nova
910 370 1057 426 nupta
1099 359 1437 421 deduceretur,
1476 362 1590 411 lam-

167 435 310 503 pades
334 442 381 479 et
411 432 532 479 faces
562 430 777 478 clamore
807 427 1221 494 praeferebantur:

307 502 350 547 N
352 504 474 563 ὑμφοις
508 532 524 547 .
562 533 575 546 .
608 502 652 544 ἐκ
676 498 854 559 θαλάμων
871 531 885 556 ,
920 497 1056 544 δαίδων
1085 496 1154 540 ὑπὸ
1171 495 1446 555 λαμπομενάων
1459 531 1472 553 ,

296 565 460 629 Ἠγίνεον
484 567 556 610 &ivai
579 562 676 610 ἄστυ
700 573 734 607 ¹.

167 631 321 691 Quam
381 628 628 677 solennem
682 626 1013 676 deductionem
1063 623 1377 673 comitabatur
1423 634 1586 675 cantus

164 694 387 761 nuptialis
410 731 423 753 ,
466 712 492 741 a
528 693 854 758 praesentibus
895 695 947 740 in
985 694 1239 756 conjugum
1276 691 1503 739 honorem
1540 703 1586 740 et

163 760 427 827 Hymenaei
450 758 612 807 laudes
633 760 883 808 excitatus:

296 859 704 875 .........
739 829 850 879 πολὺς
880 823 916 872 δ’
932 829 1101 886 ὑμέναιος
1123 830 1271 887 ὀρώρει·
1297 833 1320 858 2

162 893 290 940 Dum
311 889 630 956 procedebant
645 926 658 949 ,
695 890 888 938 aderant
917 891 999 958 qui
1019 889 1265 937 saltatione
1285 888 1344 937 ad
1367 889 1590 939 tibiarum
1651 928 1659 943 .

160 967 209 1005 et
238 957 404 1005 fidium
437 971 659 1005 numeros
692 956 954 1025 composita
997 957 1273 1023 nuptiarum
1304 955 1586 1005 hilaritatem

159 1031 407 1088 augerent:

288 1093 426 1152 Κοῦιοοι
453 1088 489 1134 δ’
511 1092 743 1154 ὀρχηστῆρες
771 1092 899 1137 &avc-:ov
917 1125 930 1146 ‚
964 1092 1003 1135 ἐν
1024 1086 1062 1135 δ’
1084 1087 1165 1152 ἄρα
1190 1100 1303 1137 τοῖσιν

289 1156 423 1212 Αύλοί,
461 1161 657 1219 φόρμιγγές
689 1176 730 1202 τε
758 1158 851 1213 βοὴν
877 1158 965 1217 ἔχον
987 1153 1033 1188 3·

160 1218 307 1287 Cujus
344 1219 447 1266 festi
477 1227 528 1266 ut
561 1228 702 1267 testes
729 1228 886 1267 essent
914 1219 1148 1278 oculatae,
1183 1234 1374 1277 omnes,
1411 1219 1581 1285 quibus

158 1285 318 1346 licuit,
354 1286 553 1333 feminae
579 1302 659 1332 sua
680 1302 892 1352 quaeque
928 1285 1067 1333 domo
1098 1283 1473 1351 prospiciebant:

290 1386 791 1400 ...........
826 1358 866 1398 αἱ
895 1355 934 1400 δὲ
961 1365 1131 1416 γυναῖκες

277 1418 488 1479 ‘serapem
508 1421 694 1474 θαύμαζον
723 1422 785 1464 ἐπὶ
808 1421 1038 1480 προθύροισιν
1063 1421 1205 1473 ἑκάστη
1229 1418 1271 1465 4.

236 1483 277 1547 ξ.
314 1483 502 1542 4.]1]
539 1486 791 1549 conjugum
840 1482 1070 1530 honorem
1111 1483 1278 1548 epulae
1316 1485 1578 1551 nuptiales,

155 1566 269 1614 quas
289 1550 407 1610 γάμον
429 1547 451 1581 5
486 1548 746 1606 Homerus,
783 1549 970 1612 nuptias
1003 1548 1161 1596 Latini
1200 1548 1448 1609 dixerunt,
1484 1571 1582 1599 ma-

157 1615 323 1677 gnifice
350 1612 727 1673 instruebantur,
762 1615 933 1679 quibus
952 1652 964 1673 ,
1000 1622 1054 1661 ut
1088 1617 1354 1682 conjectura
1382 1619 1581 1684 assequi-

154 1696 292 1737 mur,
339 1678 576 1742 proximos
623 1689 843 1742 cognatos
891 1679 1194 1729 adhibebant.
1261 1681 1374 1729 Post
1415 1700 1492 1730 eas
1531 1695 1580 1732 et

155 1745 272 1791 aliae
308 1742 616 1810 parabantur,
653 1761 751 1791 non
785 1761 895 1797 vero
932 1749 1187 1810 conjugum
1226 1749 1461 1811 cognati3‚
1497 1749 1578 1796 sed

151 1810 226 1856 vel
255 1808 456 1875 populo,
510 1825 535 1854 e
581 1826 674 1874 quo
711 1819 909 1875 uterque
950 1821 1030 1858 aut
1066 1812 1288 1859 alteruter
1324 1817 1577 1878 conjugum

152 1884 286 1921 erant
313 1871 535 1928 oriundi,
568 1876 787 1922 universo
829 1875 902 1921 vel
936 1876 1220 1940 primoribus
1255 1887 1437 1925 tantum
1458 1881 1577 1927 cele-

149 1939 375 1987 brandae.
443 1938 616 1986 Briseis
659 1940 786 1987 enim
824 1941 1092 1989 Patroclum
1124 1941 1327 1991 lacrimis
1360 1962 1577 2010 prosecu-

150 2015 196 2053 ta
215 2045 227 2064 ,
260 2005 412 2063 mihi,
453 2003 726 2053 defunctum
767 2005 1036 2072 alloquens,
1073 2009 1357 2073 promisisti,
1394 2011 1573 2078 inquit,

150 2071 345 2120 Achillis

289 2138 490 2201 Κουριὸίην
514 2140 648 2199 ἄλοχον
678 2140 828 2198 θήσειν,
866 2138 969 2194 ἄξειν
996 2140 1029 2185 τ’
1055 2143 1108 2187 ε’νὶ
1126 2146 1253 2197 νηυσὶν

281 2204 353 2257 Ἐς
383 2207 530 2263 Φθίην,
567 2206 707 2250 δαίσειν
734 2206 773 2251 δὲ
801 2207 922 2267 γοίμον
959 2209 1056 2267 μετὰ
1085 2209 1365 2271 Μυρμιδόνεσσι
1388 2208 1423 2256 6.

151 2266 416 2331 Aliquando
453 2278 691 2335 praeterea
726 2273 815 2325 ἔτας
841 2308 852 2329 ,
897 2269 947 2317 id
987 2280 1095 2329 est,
1145 2290 1308 2320 omnes
1359 2274 1571 2338 ejusdem

149 2333 304 2398 stirpis
323 2333 396 2381 vel
416 2336 584 2383 domus
601 2371 613 2394 ,
647 2336 697 2381 in
725 2353 818 2401 qua
839 2337 1030 2402 nuptiae
1049 2337 1405 2388 celebrabantur
1424 2377 1436 2400 ,
1471 2342 1571 2389 fau-

1503 2416 1574 2454 to-

193 2550 229 2593 ι)
254 2549 299 2584 11.
321 2549 462 2594 XVIII,
486 2552 552 2597 492
573 2564 642 2598 seq.
762 2551 799 2595 2)
825 2552 867 2590 Il.
890 2554 928 2591 L.
950 2552 974 2590 l.
999 2565 1048 2588 vs.
1071 2555 1149 2600 493.
1256 2554 1294 2597 3)
1321 2553 1362 2588 Il.
1399 2556 1437 2589 L.
1464 2555 1488 2590 1.
1515 2569 1563 2592 vs.

146 2604 216 2649 494
232 2616 303 2650 seq.
434 2604 472 2647 4)
498 2605 541 2642 11.
573 2607 612 2642 L.
638 2606 659 2641 l.
686 2607 753 2651 405
789 2620 857 2654 seq.
1010 2609 1048 2653 5)
1076 2608 1128 2643 Cf.
1159 2608 1278 2643 Pollux
1319 2609 1356 2644 L.
1378 2609 1442 2645 111.
1479 2622 1505 2647 e.
1532 2613 1563 2651 3,

148 2661 181 2705 §-
209 2659 266 2700 44.
384 2657 422 2704 (3)
448 2658 489 2695 ll.
515 2660 591 2696 xlx
607 2688 616 2706 ‚
640 2673 704 2705 29¹)
725 2673 797 2706 seq,
