1780 3120
501 130 1165 193 HOME'RICAp
1434 135 1531 188 253

116 281 214 344 δός,
257 278 391 343 cujus
436 272 709 340 rhythmum
748 273 952 339 corporis
988 279 1120 319 motu
1164 268 1472 337 sequebantur
1496 276 1534 318 ¹.

118 341 361 407 Quidquid
387 341 472 398 sit,
506 341 556 386 in
597 338 775 387 deliciis
809 349 932 387 certe
963 355 1017 386 ea
1058 337 1249 384 fuerunt
1286 336 1534 395 heroibuS,

119 410 291 478 quibus
311 444 324 468 ,
356 415 475 454 teste
506 405 714 453 Homero
730 442 743 464 ,

254 507 617 522 ........
653 477 703 518 ἐνὶ
728 474 855 535 φρεσῖν
878 471 979 515 ἄλλοι
1001 471 1188 529 μεμήλει,

253 538 398 592 Μολπή
419 536 452 586 τ’
477 540 666 600 ὅρχηστὺς
690 556 730 583 τε
750 552 760 562 ·
798 541 846 582 τὰ
870 544 946 597 γάρ
982 532 1016 582 τ’
1040 538 1266 594 ἀναθήματα
1293 533 1414 585 δαιτός
1436 543 1473 576 2.

121 602 299 664 Ludis,
347 619 463 670 quos
497 603 548 649 in
574 601 754 666 Ulyssis
781 601 1009 647 honorem
1046 597 1256 645 ediderat
1294 598 1541 653 Alcinous,

123 670 184 718 ad
216 671 358 716 finem
385 666 648 733 perductis,
686 666 974 713 saltationem
1005 664 1184 712 institui
1212 663 1342 731 jubet
1372 663 1546 711 Phaea-

125 753 233 784 cum
257 751 340 781 rex
357 773 368 791 ‚
405 734 467 780 ita
494 749 598 779 suos
630 731 880 779 allocutus:

244 799 350 846 Ἀλλ’
371 801 468 861 ἄγε,
503 802 678 849 Φαιήκων
709 800 941 860 βητάρμονες
958 831 970 855 ,
999 798 1101 842 ’ὅσσοι
1121 797 1292 858 ἄριστοι,

257 869 448 911 Παίσετε·
481 865 531 917 ὥς
557 861 597 926 χ’
620 870 639 909 ὸ
663 865 772 917 ξεῖνος
793 869 919 924 ἐνίσπῃ
947 868 1018 908 οἵσι
1043 865 1222 924 φίλοισιν,

260 930 406 976 Οἴκαδε
432 937 612 982 νοστήσας
630 964 642 985 ,
674 932 784 975 ’όσσον
812 925 1056 990 περιγινόμεθ’
1080 927 1203 974 ἄλλων

258 998 472 1055 Ναυτιλίῃ,
511 999 576 1039 aaz
602 998 742 1050 ποσσὶ,
780 998 843 1038 καὶ
863 997 1069 1054 ὸρχηστύΐ,
1104 997 1167 1038 καὶ
1193 995 1298 1056 ἀοιδῇ
1320 993 1359 1041 3.

128 1060 294 1119 Proci,
329 1060 379 1106 in
414 1058 596 1122 Ulyssis
628 1058 752 1120 regia
786 1057 1085 1122 impudenter
1114 1068 1329 1121 agentes,

266 1161 277 1172 .
414 1158 429 1174 .
464 1132 515 1178 εἰς
543 1130 730 1187 ὀρχηστύν
760 1143 800 1170 τε
833 1129 896 1168 καί
926 1129 1146 1185 ἱμερόεσσαν
1169 1126 1295 1178 ἀοιδὴν

264 1195 498 1254 Τρεψοίμενοι
522 1197 715 1252 τέρποντο·
751 1195 854 1248 μένον
880 1188 916 1234 δ’
936 1194 996 1234 ἐπὶ
1022 1192 1178 1252 ’έσπερον
1200 1193 1317 1236 ε’λθεῖν
1337 1190 1375 1239 4.

132 1259 191 1306 In
215 1256 393 1320 nuptiis
418 1255 530 1302 item
548 1292 559 1312 ‚
593 1263 647 1300 ut
669 1252 872 1300 vidimus
895 1253 943 1312 5,
988 1252 1096 1299 laeti
1140 1253 1395 1303 saltabant:
1427 1253 1554 1302 unde

133 1323 354 1387 Ulysses‚
389 1320 542 1385 procis
574 1319 701 1366 domi
726 1335 833 1365 suae
862 1319 1143 1378 interfectis,
1179 1337 1239 1367 ne
1270 1338 1356 1385 per
1387 1321 1556 1368 urbem

135 1387 289 1437 caedis
313 1387 433 1433 fama
460 1384 836 1450 percrebesceret
862 1385 1016 1448 prius,
1046 1402 1185 1449 quam
1212 1386 1310 1451 ipse
1333 1404 1438 1433 cum
1463 1387 1559 1433 suis

137 1455 186 1501 in
220 1461 373 1499 tutum
407 1466 456 1497 se
494 1450 793 1508 contulisset,
829 1454 1094 1514 φιλοπαίγμονα
1126 1458 1313 1516 ὀρχήθμον
1351 1470 1459 1501 suos
1487 1454 1560 1500 in-

136 1521 332 1567 stituere
364 1516 522 1584 jubet,
554 1525 606 1562 ut
638 1517 699 1563 ita
978 1539 986 1548 ·

271 1617 523 1631 ......
561 1602 615 1635 τις
641 1589 729 1645 φαίη
759 1589 878 1642 γάμον
896 1580 1084 1642 ἔμμεναι,
1117 1586 1218 1637 ε’κτὲς
1241 1590 1380 1633 ἀκούων

256 1648 320 1695 'H
347 1644 404 1694 ἀν’
434 1648 511 1694 ὁδὸν
533 1655 717 1708 στείχων,
751 1648 776 1701 ἧ
803 1653 834 1692 οἳ
859 1650 1170 1709 περιναιετάουσιν
1217 1652 1254 1694 6.

202 1713 243 1778 ξ.
281 1731 327 1762 2.
394 1713 451 1758 In
483 1713 697 1786 Deorum
720 1727 906 1778 quoque
941 1713 1080 1758 sacris
1115 1713 1411 1763 saltationem
1446 1734 1557 1764 cum

140 1788 282 1827 cantu
306 1777 574 1834 sociabant,
609 1786 661 1823 ut
686 1794 735 1824 ln
757 1776 985 1841 Apollinis
1002 1776 1230 1826 honorem
1259 1781 1364 1829 Deli
1384 1783 1560 1832 factum

141 1843 337 1908 legimus
355 1881 366 1903 ‚
399 1859 508 1889 cum
534 1843 690 1889 Deum

428 1944 438 1956 .
473 1915 670 1971 πυγμαχίῃ
695 1927 736 1954 τε
761 1911 825 1953 καὶ
850 1910 1033 1971 ὀρχηθμῷ
1059 1914 1122 1955 καὶ
1141 1911 1251 1973 ἀοιὸᾔ

274 1980 515 2034 Μνησάμενοι
543 1982 734 2034 τέρπουσιν
751 2010 762 2030 ,
794 1977 883 2019 ’όταν
909 1983 1119 2026 στήσωνται
1144 1982 1269 2038 ἀγῶνα
1294 1989 1328 2025 7.

144 2038 280 2091 Idem
309 2057 365 2087 ex
394 2040 449 2086 iis
476 2046 634 2104 patet,
668 2054 784 2104 quae
808 2038 866 2083 de
895 2039 1083 2085 Eudoro
1109 2041 1170 2086 ait
1200 2042 1372 2095 Poeta:

437 2140 450 2152 .
484 2109 543 2151 τὸν
566 2104 689 2152 ἔτικτε
712 2106 816 2175 χορῷ
838 2108 934 2162 καλὴ
973 2108 1177 2168 Πολυμήλη
1195 2144 1208 2169 ,

1489 2187 1570 2232 Φὺ·

145 2342 153 2346 μ
197 2302 234 2345 g)
259 2302 439 2348 Musicae,
472 2303 516 2338 ad
546 2315 648 2350 quam
683 2304 879 2350 saltabant,
902 2313 1025 2345 natura
1059 2312 1171 2359 qualis
1214 2312 1323 2348 suerit
1347 2320 1505 2349 accurate
1529 2324 1571 2347 ex

151 2353 303 2391 Homero
338 2356 474 2393 definiri
508 2359 646 2404 nequit,
673 2372 711 2394 ex
741 2372 807 2405 quo
832 2360 966 2398 scilicet
997 2377 1064 2400 non
1088 2368 1156 2401 nisi
1180 2368 1372 2412 generalia,
1398 2380 1485 2413 quae
1508 2368 1573 2402 de-

153 2409 288 2456 dimus,
322 2414 392 2458 peti
425 2422 579 2459 possunt.
634 2414 687 2448 De
720 2414 775 2450 his
808 2424 921 2451 autem
956 2419 1026 2463 egit.
1058 2421 1123 2458 W.
1162 2422 1312 2467 Mulier,
1345 2422 1573 2458 Homerische

154 2465 364 2527 Van-sehale,
388 2469 528 2515 Leipzig
551 2471 649 2504 1824.
674 2482 708 2514 p.
733 2482 779 2506 m.
797 2472 841 2505 28
861 2483 972 2519 seqq„
997 2475 1092 2518 cujus
1115 2475 1199 2511 libri
1223 2489 1402 2511 censuram
1431 2478 1573 2523 scripsit

153 2518 334 2555 D1ssenius
357 2522 393 2556 in
425 2523 526 2560 Go'tt.
561 2525 644 2558 Anz.
671 2527 768 2571 1827.
800 2524 867 2562 No.
889 2529 1014 2566 3—5.
1063 2530 1116 2567 Cf.
1140 2530 1176 2564 h.
1201 2543 1232 2568 c.
1256 2535 1287 2578 (j.
1314 2533 1348 2569 5.
1443 2533 1481 2577 2)
1505 2533 1572 2567 Od-

153 2573 173 2610 1
189 2601 200 2617 ,
227 2577 286 2610 151
310 2588 380 2622 seq.
428 2577 480 2614 Cf,
506 2578 605 2612 XVII
623 2607 632 2623 ,
654 2591 731 2625 271.
767 2579 865 2625 XXI,
887 2583 967 2620 450.
1102 2585 1140 2628 5)
1167 2585 1230 2622 Od.
1257 2585 1364 2625 VIII,
1387 2586 1454 2622 250
1476 2599 1572 2634 seqq.

156 2627 196 2671 4)
221 2627 285 2664 od.
310 2630 444 2686 xyul,
469 2634 535 2667 505
548 2645 619 2677 seq.
712 2632 750 2676 5)
775 2633 962 2674 Vid.L.11.
986 2650 1016 2674 c.
1039 2640 1094 2674 14.
1120 2642 1152 2686 §-
1176 2641 1210 2674 5.
1293 2639 1332 2684 6)
1357 2640 1574 2688 omnm,

158 2683 222 2719 155
245 2695 313 2730 seq.
344 2684 397 2722 cll.
423 2698 538 2732 praec.
566 2695 599 2723 et
623 2699 716 2735 seqq.
741 2700 790 2726 vs·
930 2691 967 2738 7)
992 2692 1119 2739 Hymn.
1145 2693 1180 2729 in
1204 2693 1316 2740 Apoll.
1341 2707 1390 2733 vs.
1414 2697 1479 2742 ²49
1501 2708 1576 2743 seq.
