1750 3116
217 401 605 457 OPERIS
685 393 1411 453 CONSPECTUS.

522 779 750 813 LIBER
807 777 1105 812 PRIMUS.

110 893 219 934 Caput
240 894 271 926 1.
315 893 370 925 De
395 891 471 924 Diis
490 898 640 929 veterum
665 891 881 924 Graecorum.

233 948 270 990 §.
294 957 326 981 1.
373 947 491 988 Operis
511 947 702 987 exordium,
729 956 796 987 quo
815 946 898 978 ratio
917 944 1119 986 explicatur,
1141 952 1199 977 cur
1217 953 1234 976 a
1253 941 1354 976 sacris
1374 941 1436 974 ini·

191 1002 274 1035 tium
298 1002 396 1034 nobis
418 1001 601 1034 faciendum
621 1010 693 1035 esse
717 1002 921 1035 duxerimus.
989 1022 1000 1034 .
1087 1021 1099 1034 .
1188 1020 1199 1031 .
1289 1019 1300 1030 .
1387 1005 1463 1038 pag.
1489 1007 1521 1037 ¹.-

234 1059 267 1101 §.
290 1069 324 1093 2.
369 1061 422 1093 De
451 1057 591 1100 prium,
627 1065 710 1097 quae
743 1057 862 1090 Graeci
889 1057 1082 1097 coluerunt,
1115 1051 1302 1087 numinibus
1331 1060 1366 1085 et
1398 1053 1438 1084 de

193 1114 331 1147 Homeri
352 1115 386 1146 in
409 1112 615 1154 mythologia
642 1112 780 1146 meritis.
891 1136 902 1147 .
990 1136 1001 1148 .
1089 1134 1100 1146 .
1188 1133 1200 1145 .
1288 1130 1300 1141 .
1388 1129 1400 1140 .
1489 1115 1520 1138 1.

232 1167 263 1205 S.
289 1180 321 1210 3.
366 1167 538 1201 Generalia
561 1168 719 1208 quaedam
747 1177 788 1200 ex
808 1170 993 1202 mortalium
1019 1170 1059 1202 de
1075 1167 1149 1200 Diis
1173 1163 1341 1206 opinione.
1388 1183 1399 1195 .
1485 1171 1519 1193 2.

234 1224 268 1267 S.
291 1234 327 1263 4.
372 1225 425 1256 De
450 1225 594 1256 Homero
621 1224 731 1264 operis
758 1225 861 1258 nostri
880 1226 962 1257 duce
982 1231 1016 1257 et
1041 1230 1189 1255 auctore.
1287 1240 1299 1252 .
1385 1238 1398 1250 ·
1486 1226 1519 1256 3·

234 1284 269 1326 §-
294 1291 328 1324 5.
371 1283 424 1315 De
451 1282 599 1313 Deorum
627 1280 717 1311 cultu
745 1280 917 1312 universet
950 1280 989 1312 de
1018 1275 1245 1310 Daemonibus
1265 1285 1295 1308 s.
1325 1272 1441 1306 Geniis

191 1346 226 1372 et
244 1337 408 1371 Heroibus
422 1359 435 1376 ‚
457 1335 565 1377 deque
589 1335 714 1368 ratione
730 1359 742 1375 ,
764 1344 828 1377 qua
848 1334 880 1366 in
905 1333 1069 1365 infinitum
1093 1341 1208 1366 auctus
1231 1333 1274 1365 sit
1289 1333 1439 1364 Deorum

193 1404 361 1431 numeruS.
482 1411 494 1423 ·
591 1412 602 1424 .
692 1412 704 1423 .
793 1411 804 1421 .
891 1410 903 1422 .
991 1409 1002 1421 .
1090 1409 1102 1422 .
1190 1410 1202 1422 .
1288 1409 1300 1421 .
1386 1406 1401 1420 .
1487 1397 1522 1427 3.

102 1455 218 1497 Caput
237 1453 287 1485 11.
327 1450 384 1482 De
407 1449 556 1480 Deorum
577 1446 779 1487 singulorum
801 1444 929 1478 officio.

235 1508 268 1547 §.
294 1516 324 1542 1.
365 1502 552 1542 Principum
567 1524 578 1540 ,
603 1500 658 1540 qui
679 1502 720 1532 ab
742 1501 890 1533 Homero
913 1500 1108 1542 laudantur,
1131 1501 1278 1534 Deorum
1302 1508 1438 1533 munera

190 1562 378 1606 singulatim
403 1565 626 1593 recensentur.
658 1562 661 1565 '
695 1579 706 1590 .
794 1578 805 1590 .
892 1576 905 1589 .
992 1580 1005 1591 .
1091 1579 1103 1591 .
1189 1579 1200 1590 .
1287 1577 1300 1590 .
1389 1577 1401 1589 .
1486 1565 1522 1595 4.

236 1618 267 1659 ς.
291 1627 325 1650 2.
370 1615 435 1648 Dei
459 1615 655 1655 regionum,
678 1613 850 1647 civitatum
865 1637 878 1655 ,
901 1611 1030 1644 urbium
1054 1620 1188 1652 quoque
1209 1620 1319 1645 curam
1345 1620 1439 1653 gere·

195 1678 294 1710 bant:
319 1673 361 1706 de
383 1671 444 1704 Zei
466 1671 587 1704 Hercei
613 1680 680 1704 ara.
776 1693 787 1704 .
892 1691 903 1703 .
990 1691 1002 1703 .
1091 1689 1103 1701 ·
1193 1676 1204 1688 ·
1292 1692 1304 1701 .
1391 1690 1402 1701 .
1491 1678 1524 1710 9.

235 1730 270 1773 §-
292 1741 325 1773 3.
368 1729 473 1760 Iidem
500 1726 638 1767 singulis
664 1727 762 1759 rebus
795 1727 944 1759 humanis
969 1725 1165 1759 intererant=
1195 1724 1227 1757 in
1255 1725 1441 1759 mortalium

191 1796 300 1835 autem
326 1785 430 1823 vitam
456 1784 653 1826 singularem
675 1785 838 1825 quandam
857 1787 926 1817 vim
953 1784 1154 1817 exercebant
1175 1783 1299 1824 Apollo
1317 1789 1352 1815 et
1371 1782 1436 1814 Ar·

194 1841 303 1875 ternis.
391 1859 403 1871 .
494 1860 506 1871 .
595 1860 606 1871 .
694 1862 706 1873 .
795 1862 807 1873 .
895 1861 906 1872 .
993 1860 1006 1873 .
1092 1859 1104 1872 .
1192 1857 1205 1870 .
1293 1859 1305 1870 .
1392 1859 1405 1872 .
1474 1847 1526 1872 ιῐ.

108 1902 218 1941 Caput
232 1898 308 1931 111.
335 1897 405 1928 'De
427 1893 510 1927 locis
532 1893 632 1925 sacris
654 1900 689 1926 et
713 1893 908 1927 simulacris.

234 1954 270 1996 ς,
295 1963 326 1987 1.
374 1953 540 1993 Quaenam
568 1950 722 1983 universe
744 1950 816 1983 loca
836 1950 908 1983 Diis
927 1949 1134 1990 potissimum
1157 1957 1381 1985 sacraverunt.
1478 1961 1529 1986 u.

231 2015 263 2059 ς.
288 2021 323 2049 2.
368 2005 511 2055 Τεμένη
535 2007 573 2040 iis
595 2006 761 2040 dicabant.
898 2029 910 2040 .
992 2027 1005 2041 .
1095 2027 1105 2038 .
1193 2025 1205 2038 .
1294 2027 1305 2038 .
1393 2027 1406 2039 .
1475 2016 1528 2040 ιι.

237 2068 270 2110 §-
295 2078 330 2108 3.
373 2068 459 2100 Item
483 2065 617 2106 sylvas,
641 2062 673 2094 in
697 2062 815 2102 quibus
834 2070 887 2094 ara
911 2062 1088 2103 surgebat.
1112 2070 1147 2096 et
1172 2061 1363 2095 habitabant
1387 2071 1440 2096 sa-

192 2122 360 2158 cerdotes.
489 2144 501 2155 .
589 2142 600 2154 .
688 2140 702 2153 .
727 2123 730 2126 ’
790 2140 801 2151 .
888 2139 899 2151 .
988 2141 1000 2152 .
1089 2140 1100 2153 .
1188 2137 1200 2150 .
1289 2138 1300 2149 .
1390 2139 1401 2150 .
1475 2128 1536 2172 ¹²⁶,

233 2177 267 2219 §-
289 2188 324 2219 4.
369 2176 554 2216 singulares
573 2182 742 2216 praeterea
769 2174 900 2207 arbores
914 2197 925 2214 ,
947 2173 1070 2206 numini
1092 2172 1212 2214 quippe
1237 2173 1365 2206 cuidam
1387 2184 1439 2208 sa·

195 2242 287 2273 cras,
309 2232 401 2265 cultu
421 2231 723 2271 prosequebantur,
747 2228 852 2268 qualis
873 2228 935 2259 fuit
957 2237 1096 2268 quercus
1116 2237 1217 2268 prope
1232 2230 1422 2267 Dodonam.
1473 2245 1524 2275 13.

237 2290 269 2338 S.
291 2297 324 2329 5.
369 2289 421 2320 De
451 2287 606 2327 templis,
629 2288 660 2318 in
680 2286 817 2318 editiore
842 2284 988 2324 inprimis
1008 2285 1083 2316 loco
1103 2287 1294 2320 exscructis.
1387 2312 1399 2323 .
1470 2301 1522 2332 13,

235 2343 266 2384 §.
290 2345 325 2378 6.
370 2345 518 2377 Deorum
544 2342 736 2381 simulacra,
770 2349 836 2372 non
861 2340 924 2373 nisi
946 2341 1113 2382 Athenes,
1137 2351 1155 2373 a
1181 2343 1283 2376 Poeta
1311 2354 1438 2380 memo.

191 2406 316 2432 rantur.
398 2419 410 2431 .
497 2419 508 2432 .
597 2419 609 2430 .
697 2419 708 2431 .
796 2419 808 2430 .
896 2416 908 2431 ι
996 2418 1006 2432 .
1088 2416 1102 2429 .
1191 2419 1202 2431 .
1291 2420 1303 2432 .
1390 2422 1402 2439 .
1472 2411 1524 2443 14,

110 2456 218 2497 Caput
241 2456 305 2488 lV.
347 2456 401 2488 De
425 2455 524 2487 sacris
550 2455 696 2486 Deorum
722 2453 896 2485 Ministris.

235 2511 268 2552 §-
295 2520 325 2543 1.
371 2510 486 2542 Divini
512 2510 618 2541 cultus
652 2518 727 2540 cura
757 2506 991 2548 antiquissimis
1015 2509 1219 2548 temporibus
1243 2519 1345 2550 penes
1376 2521 1436 2554 pa.

195 2565 401 2598 tresfamilias
426 2564 501 2597 fuit.
546 2563 598 2597 De
623 2563 744 2603 sacris,
767 2572 850 2603 quae
876 2562 1053 2603 βασιλεὺς
1074 2564 1215 2597 curavit.
1291 2587 1302 2600 .
1387 2555 1402 2603 ⁴,
1468 2581 1520 2614 15‚

235 2622 267 2662 §-
292 2632 326 2655 2.
372 2621 423 2653 De
435 2618 691 2657 sacerdotibus,
709 2618 765 2658 qui
785 2618 884 2649 variis
903 2619 1090 2652 nominibus
1110 2622 1150 2652 ab
1173 2621 1277 2654 officii
1303 2633 1435 2659 munere

193 2678 336 2718 quodam
360 2676 542 2714 desumus,
563 2674 831 2715 damnabantur.
886 2695 898 2706 .
987 2697 997 2709 .
1087 2699 1094 2707 .
1187 2698 1196 2710 .
1285 2699 1296 2711 .
1392 2661 1396 2665 ⁴
1466 2685 1504 2715 ,6

1098 2728 1180 2746 σου
1426 2707 1517 2778 ἓ“3;
