1780 3120
577 130 1154 195 HOM'ERmA:
1471 152 1568 208 207

288 283 463 344 Σχέτλιος
480 315 493 338 ,
527 281 606 327 οὐδὲ
636 282 727 326 θεῶν
746 279 830 325 ’σ’πιν
852 275 1004 340 ᾐδέσατ’
1020 311 1034 334 ,
1065 275 1144 322 οὐδέ
1174 273 1361 337 τράπεζαν
1381 310 1394 332 ,

291 351 373 400 Τὴν
403 346 450 399 δή
476 351 507 391 οἱ
529 349 739 408 παρέθηκεν
761 354 798 390 ¹.

161 416 292 475 Quae
326 415 554 469 Eumaeo‚
596 408 758 456 eadem
783 405 949 472 cuique
973 404 1125 465 bono,
1162 401 1222 450 de
1250 402 1439 469 hospitii
1469 407 1570 470 jure

162 476 389 528 sententia
418 475 507 522 fuit
529 493 539 521 :

291 543 416 600 Ξεῖν’.,
449 540 489 588 οὔ
511 562 573 603 μοι
590 544 693 602 θέμις
715 538 818 597 ἔστ’,
845 537 919 586 οὐδ’
943 542 977 584 εἷ
1003 542 1143 583 κακίων
1161 539 1265 583 σέθεν
1293 533 1420 596 ἐ’λθοι,

214 661 219 669 ἡ
288 607 416 654 Ξεῖνον
443 613 645 668 ἀτιμῆσαι·
678 609 766 668 πρὸς
788 609 865 667 γοὶρ
893 607 981 657 Δίος
1006 608 1097 649 εἰσιν
1119 604 1279 656 ἅπαντες

288 672 412 719 Ξεῖνοί
430 691 470 719 τε
503 677 650 733 πτωχοί
673 687 734 717 τε·
770 671 866 723 δόσις
892 670 932 717 δ’
946 673 1047 732 ὀλίγη
1072 687 1112 715 τε
1141 672 1228 733 φίὶη
1255 685 1296 716 τε

290 741 466 798 Γίγνεται
495 745 656 800 ἡμετέρη
679 747 718 771 2·

156 805 224 850 Ex
253 802 422 867 quibus
465 803 611 848 Zeum
643 799 890 866 praecipue
931 799 1136 865 hospites
1170 815 1329 847 curare
1368 806 1415 845 et
1450 797 1571 845 tueri

157 868 214 914 iis
255 864 521 913 hominibus
578 883 849 931 persuasum
891 864 1031 912 fuisse
1071 866 1442 922 animadvertas,
1496 864 1574 912 cui

155 931 345 998 quidem
376 931 476 979 Deo
515 933 628 980 inde
661 934 803 979 Ξείνιου
833 940 879 977 el:
900 932 1100 984 Ἱκετήσιου
1130 948 1305 979 nomen
1330 930 1434 978 fuit.

289 1001 387 1052 Ζεὺς
421 1032 436 1046 .
473 1034 484 1046 .
518 1003 747 1060 ἐπιτιμήτωρ
774 999 930 1043 ἱκετάων
953 1017 994 1043 τε
1026 998 1150 1050 ξείνων
1180 1018 1245 1056 τε,

285 1064 422 1117 Ξείνιος
441 1100 453 1122 ,
488 1065 527 1117 ὃς
556 1066 719 1117 ξείνοισιν
746 1064 815 1123 ἅμ’
842 1063 1024 1109 αἰδοίοισιν
1043 1065 1171 1116 ὀπηδεῖ
1191 1063 1226 1109 3.

153 1125 410 1174 Antinoum
448 1126 798 1193 reprehendens
843 1126 1090 1174 Echeneus
1110 1164 1122 1186 ‚
1171 1127 1300 1193 quod
1347 1126 1568 1192 Ulyssem

156 1190 415 1257 supplicem
443 1192 575 1240 humi
607 1191 666 1239 acl
687 1193 841 1239 focum
868 1191 1028 1240 sedere
1055 1193 1208 1253 sinat,
1242 1194 1295 1241 in
1326 1192 1436 1240 sede
1462 1210 1575 1241 eum

159 1258 376 1305 collocari
400 1257 562 1323 jubet,
597 1259 660 1305 ita
685 1275 883 1323 pergens
904 1275 915 1304 :

287 1359 695 1373 .........
706 1376 708 1378 ,
725 1328 773 1370 σὺ
795 1326 834 1370 δὲ
862 1328 1063 1386 κηρύκεσσι
1090 1329 1260 1372 κέλευσον

292 1387 405 1436 Οἶνον
437 1395 666 1453 ἐπικρῆσαι,
696 1395 759 1436 ἵνα
792 1401 854 1436 καὶ
887 1394 956 1435 Διῒ
984 1396 1256 1454 τερπικεραύνῳ

286 1460 516 1515 Σπείσομεν,
550 1457 624 1508 ’σ’ςθ’
652 1462 814 1516 ἱκέτῃσιν
843 1453 911 1515 ἅμ’
934 1457 1116 1502 αἰδοίοισιν
1137 1457 1265 1509 ὀπηδεῖ
1282 1455 1321 1503 4.

157 1521 260 1580 Qua
300 1519 520 1582 religione
559 1529 714 1566 motus
747 1521 946 1583 Aegypti
985 1535 1065 1566 rex
1102 1520 1349 1586 Ulyssem,
1384 1528 1436 1567 ut
1472 1521 1573 1586 ipse

153 1586 318 1647 fingit,
352 1603 378 1630 a
403 1584 582 1633 civibus
606 1584 846 1645 defendit,
884 1585 966 1651 qui
1001 1586 1158 1651 ipsum
1198 1587 1464 1634 interficere
1491 1605 1573 1635 cu-

151 1651 374 1716 piebant:

286 1748 750 1767 ..........
786 1720 872 1772 Διὲς
901 1718 938 1764 δ’
960 1722 1114 1771 ὢπιζετο
1147 1730 1260 1780 μῆνιν

289 1784 429 1828 Ξεινίου
445 1820 456 1841 ,
488 1784 530 1834 ’ἐς
555 1801 595 1828 τε
624 1784 792 1843 μάλιστα
819 1794 1046 1844 νεμεσσᾶται
1073 1791 1174 1831 κακοὶ
1203 1786 1302 1848 ἔργα
1323 1785 1361 1832 5.

154 1842 339 1897 Eadem
378 1846 472 1892 irae
510 1844 695 1893 divinae
729 1850 946 1911 gravitate
982 1850 1345 1912 opprimuntur,
1395 1853 1475 1919 qui
1521 1856 1573 1905 in

152 1927 231 1957 eos
252 1948 264 1969 ‚
296 1927 321 1956 a
349 1911 522 1976 quibus
558 1911 758 1976 hospitio
805 1922 940 1959 erant
979 1916 1189 1978 excepti,
1240 1915 1415 1982 aliquid
1459 1920 1575 1970 deli»

153 1977 377 2041 quissent.
461 1979 675 2039 Longum
716 1986 788 2024 est
839 1979 995 2024 omnia
1040 1996 1331 2029 enumerare.
1412 1985 1575 2034 Mene-

153 2041 278 2088 laum
319 2042 571 2106 cogitemus
599 2060 622 2088 a
657 2043 749 2088 Zeo
781 2053 1048 2107 precantem
1069 2083 1080 2102 ‚
1118 2055 1170 2092 ut
1200 2048 1420 2098 Paridem
1440 2090 1452 2112 ‚
1487 2055 1569 2121 qui.

157 2114 329 2172 πρότερος
361 2111 446 2154 κάκ’
464 2106 595 2171 ἔοργε,
633 2107 896 2156 interficere
917 2109 1001 2157 sibi
1028 2110 1195 2172 liceat,

251 2220 256 2224 ,
276 2176 417 2238 ”Οφροι
443 2194 498 2227 τις
525 2175 692 2237 ἐρ’ριγῃσι
712 2180 776 2221 καί
796 2179 968 2238 ὀψιγόνων
989 2181 1216 2240 ἀνθρώπων,

298 2240 503 2286 Ξεινοδόκον
523 2246 623 2284 κακὰ
649 2241 778 2302 ῥέξαι,
810 2244 828 2286 ‘0'
865 2261 906 2287 κε
935 2245 1109 2305 φιλότητα
1135 2246 1318 2308 παράσχη
1342 2248 1378 2296 6.

155 2299 344 2350 Illustre
389 2305 665 2371 praesertim
714 2314 783 2352 est
814 2305 1098 2355 Graecorum
1134 2297 1423 2378 exemplum,
1460 2316 1570 2381 qui,

1437 2399 1579 2446 quam

152 2540 154 2543 .
203 2494 240 2538 ι)
266 2495 330 2532 Od.
361 2496 459 2544 XXI,
483 2500 525 2534 28
555 2512 626 2547 seq.
673 2501 726 2538 Cf.
752 2502 843 2548 VII,
869 2505 934 2538 160
955 2512 1021 2544 ete.
1139 2508 1177 2553 2)
1202 2509 1266 2546 Od.
1293 2508 1389 2550 XIV,
1413 2511 1457 2546 56
1476 2523 1572 2557 seqq.

157 2557 193 2583 et
216 2548 288 2594 VI,
311 2554 375 2586 208
393 2565 484 2598 seqq.
532 2555 622 2590 Hinc
641 2558 755 2594 αἰδὼς
781 2565 815 2591 et
843 2559 1042 2593 αἰδεῖσθαι
1073 2565 1214 2610 propria
1241 2564 1404 2599 vocabula
1431 2573 1511 2600 sunt
1529 2566 1573 2602 de

161 2605 352 2639 reverentia
383 2605 577 2653 hospitibus
612 2618 647 2644 et
674 2610 887 2658 supplicibus
919 2613 1047 2652 debita.
1106 2618 1161 2655 Cf.
1197 2619 1308 2664 Heyn.
1344 2618 1387 2654 ad
1420 2618 1464 2656 Il.
1501 2620 1573 2668 IX,

157 2659 238 2694 656.
365 2660 403 2704 5)
427 2661 492 2698 Od,
522 2662 569 2696 IX
590 2692 599 2707 ‚
633 2677 698 2711 270
727 2677 822 2711 seqq.
877 2667 932 2705 Cf.
970 2670 1083 2713 XIII,
1111 2675 1188 2708 213.
1234 2672 1341 2716 XIV,
1373 2674 1442 2708 283
1473 2678 1570 2722 seqq.

156 2713 196 2755 4)
231 2713 294 2749 od.
330 2713 417 2759 vn,
446 2718 510 2752 165
543 2729 637 2764 seqq.
670 2718 726 2756 cll.
760 2733 808 2755 vs·
844 2733 956 2768 praec.
1096 2729 1134 2774 5)
1160 2726 1223 2764 Od,
1258 2726 1361 2774 xlv,
1397 2729 1465 2765 285
1494 2741 1569 2777 seq.

158 2767 197 2813 6)
221 2764 263 2803 Il.
289 2767 364 2814 111,
389 2770 456 2805 353
477 2782 571 2818 seqq·
595 2772 650 2811 cll.
676 2785 721 2813 vs.
747 2776 814 2812 550
836 2788 929 2824 seqq·
