1780 3120
222 161 320 215 266
571 158 1268 221 'ANTIQUITAS

216 308 337 357 quae
364 289 488 339 dona
506 289 687 358 epulis,
717 292 1051 359 pugnatoribus
1074 293 1125 341 in
1157 311 1241 342 suo
1268 294 1414 361 ipsius
1429 286 1638 345 tentorio·

216 357 502 405 instruendis
524 394 535 416 ,
567 359 709 404 etiam
737 358 988 407 cumulavit
1009 397 1020 419 ,
1054 377 1163 406 cum
1186 360 1394 410 diceret:

340 430 427 472 Καί
451 444 538 488 σφιν
575 425 670 471 δαῖτ’
699 429 844 487 ἀγαθὴν
872 431 1138 488 παραθήσομεν
1169 431 1206 474 ἐν
1238 431 1419 492 κλισίῃσιν
1444 438 1481 478 ².

214 488 476 538 Victoriam
505 498 660 535 autem
682 499 1034 553 reportaturum

348 560 579 617 Ὁππότερός
613 576 655 602 κε
681 561 814 621 φθῇσιν
838 559 1053 619 ὀρεξάμενος
1078 564 1176 621 χρόα
1197 561 1308 605 namu
1323 596 1335 618 ,

343 625 488 682 Ψαὺσῃ
518 618 556 668 δ’
581 623 727 668 ἐνδίνων
744 659 756 682 ,
791 624 852 668 διαί
882 621 914 668 τ’
942 623 1050 671 ἔντεα.
1068 661 1079 681 ,
1114 629 1180 670 καί
1204 628 1322 684 μέλαν
1342 625 1440 685 αἷμα
1460 637 1500 673 2.

275 688 318 752 ξ.
355 703 403 752 9.
470 686 542 733 Ut
573 696 726 734 cetera
751 703 876 735 arma
907 697 1014 754 apte
1052 697 1253 736 tractare
1299 699 1524 738 noverant
1551 691 1637 740 he-

206 770 340 812 roes,
384 755 446 800 ita
495 761 542 799 et
591 771 781 812 arcum,
819 770 910 819 quo
954 756 1168 818 quamvis
1211 754 1262 801 in
1301 772 1456 821 pugna
1495 760 1635 823 pauci

209 828 451 867 uterentur
475 818 520 877 5,
559 818 722 866 eodem
765 828 926 865 tamen
964 819 1203 866 tendendo
1238 822 1357 868 vires
1401 831 1475 882 et,
1515 841 1634 889 quae

207 885 409 941 vellent,
441 883 721 948 assequendi
753 884 1022 932 facultatem
1052 885 1358 944 exercebant,
1392 887 1457 934 ita
1483 897 1537 935 ut
1564 906 1634 936 sa·

205 951 406 1015 gittandi
431 966 616 1014 quoque
645 950 811 1013 peritia
843 950 896 995 in
925 951 1127 997 Patrocli
1155 951 1314 998 funere
1332 952 1496 999 heroas
1521 971 1633 1001 con-

205 1016 413 1063 tendisse
449 1014 578 1061 haud
610 1015 853 1061 miremur.
920 1015 976 1061 In
1005 1015 1126 1062 malo
1166 1016 1345 1063 scilicet
1384 1019 1514 1066 tenui
1550 1019 1632 1066 filo

204 1081 425 1146 (μερίνθῳ)
455 1081 515 1128 ad
552 1079 696 1145 pedes
727 1078 918 1143 religata
947 1080 1189 1145 pendebat
1210 1080 1453 1143 columba,
1489 1097 1631 1150 quam

200 1146 290 1198 bac
317 1147 415 1212 lege
454 1146 631 1211 sagittis
665 1154 880 1212 peterent
910 1154 1173 1193 certantes:

336 1251 349 1264 .
384 1234 402 1263 .·
435 1243 450 1261 0
489 1247 708 1260 .....
740 1215 780 1265 ὃς
818 1219 886 1274 μέν
912 1232 955 1258 κε
984 1215 1088 1274 βάλῃ
1113 1219 1286 1276 τρήρωνα
1304 1215 1479 1274 πέλειαν,

348 1281 504 1333 Πάντας
524 1280 739 1343 ἀειράμενος
772 1281 950 1331 πελέκεας
968 1315 980 1335 ,
1009 1279 1195 1331 κλισίηνδε
1225 1283 1417 1343 φερέσθω·

324 1346 415 1400 “Oc
448 1346 489 1392 δέ
511 1365 553 1391 κε
579 1349 762 1407 μηρίνθειο
789 1348 889 1405 τύχῃ
908 1380 920 1399 ,
951 1344 1088 1406 ’σ’ρνιθος
1112 1349 1320 1407 ἁμαρτὼν,

202 1467 206 1472 .
320 1412 487 1458 ’Ήσσων
513 1416 590 1474 γὰρ
621 1414 668 1466 δὴ
698 1422 834 1468 κεῖνες,
868 1408 926 1457 ’ὅδ’
958 1416 1097 1456 οἴσεται
1130 1414 1365 1470 ἡμιπέλεκκα
1387 1407 1425 1456 4.

198 1478 365 1544 Itaque
399 1485 520 1523 sorte
544 1479 664 1541 jacta
689 1475 901 1534 Teucro,
937 1484 989 1521 ut
1022 1475 1202 1538 primus
1241 1477 1456 1539 sagittam
1492 1475 1629 1524 emit-

199 1555 294 1602 tat,
330 1542 554 1601 obvenit,
591 1542 670 1606 qui
694 1558 799 1587 cum
825 1558 849 1587 a
875 1539 1092 1587 columba
1126 1550 1321 1605 propter
1352 1551 1456 1589 vota
1480 1542 1627 1608 Apol-

197 1612 281 1659 lini
307 1625 403 1655 non
430 1607 549 1654 facta
585 1608 804 1653 aberrans
849 1605 982 1652 filum
1027 1608 1261 1670 rupisset,
1305 1607 1520 1654 avolandi
1559 1608 1626 1655 fa·

195 1677 418 1726 cultatem
437 1673 613 1720 volucri
642 1673 750 1719 fecit
768 1708 779 1726 ‚
816 1689 979 1738 quam,
1016 1672 1131 1717 mira
1165 1673 1411 1735 sagittandi
1433 1682 1528 1720 arte
1553 1674 1628 1720 in-

195 1745 339 1805 signis
381 1740 575 1804 Diisque
605 1735 867 1787 faventibus
897 1754 1009 1784 usus
1047 1736 1312 1798 Meriones,
1343 1739 1398 1786 in
1439 1756 1624 1788 summo

197 1816 305 1858 aere
340 1805 455 1853 dum
489 1803 703 1863 volabat,

332 1909 343 1920 .
382 1909 394 1921 .
429 1904 446 1920 ο
481 1907 493 1918 .
529 1872 737 1918 ὃινεὺευσαν
771 1873 838 1917 ὑπὸ
855 1875 1030 1932 πτέρυγος
1060 1871 1160 1928 βάλε
1182 1875 1330 1931 μέσσην
1350 1866 1376 1904 5
1392 1884 1408 1908 ⁶-

197 1939 328 2010 quod
348 1936 639 2004 stupendum
671 1937 782 1984 artis
814 1934 1045 1981 indicium
1185 1933 1188 1937 ’

331 2043 342 2054 .
383 2041 396 2053 .
433 2039 444 2050 .
482 2037 493 2049 .
531 2007 613 2049 λαοὶ
648 2038 660 2050 .
700 2038 712 2050 .
753 2007 898 2056 θηεῦντό
925 2020 990 2060 τε,
1027 2001 1234 2062 θάμβησάν
1258 2019 1298 2048 τε
1321 2000 1359 2048 6.

258 2072 299 2136 ξ.
341 2087 416 2121 10.
484 2066 626 2128 Quod
649 2067 816 2118 ultimo
837 2067 938 2115 loco
956 2067 1050 2114 suis
1070 2066 1276 2113 edixerat
1299 2065 1528 2126 Achilles,
1555 2070 1619 2133 ja-

193 2136 383 2187 culandi
427 2144 695 2192 certamen,
745 2151 837 2199 quo
883 2135 1012 2194 ἥμονες
1051 2133 1182 2196 ἄνδρες
1230 2139 1413 2190 ἀνέσταν,
1466 2133 1618 2181 Obiter

190 2205 346 2268 attigit
383 2202 550 2259 Poeta,
587 2202 652 2248 ita
683 2209 759 2260 ut,
809 2218 902 2265 qua
941 2201 993 2246 in
1027 2216 1080 2246 eo
1104 2199 1282 2245 ratione
1305 2199 1472 2246 versati
1494 2200 1617 2259 sint,

191 2271 385 2319 omnino
425 2283 511 2314 nos
556 2265 713 2315 lateat.
782 2265 858 2315 Ad
888 2275 1126 2320 certamen
1163 2264 1290 2312 enim
1325 2274 1619 2314 surrexerant

1505 2332 1539 2378 A
1547 2348 1621 2396 ga-

236 2468 275 2513 1)
299 2467 341 2505 Il.
368 2467 506 2512 XXIII,
533 2469 608 2502 810.
728 2466 766 2509 τε)
791 2465 834 2501 Il.
859 2466 900 2501 L.
923 2463 947 2502 l.
984 2476 1034 2498 vs.
1055 2465 1121 2499 805
1154 2475 1226 2508 seq.
1344 2461 1382 2506 5)
1409 2462 1486 2499 vid.
1515 2461 1550 2498 h.
1571 2463 1612 2500 L.

187 2536 217 2560 e,
241 2538 272 2570 9„
300 2527 332 2571 ς.
355 2525 387 2560 4.
413 2535 479 2568 qua
502 2522 541 2556 de
563 2519 748 2565 sagittandi
770 2529 844 2554 arte
882 2527 916 2555 et
946 2521 1080 2554 ratione
1106 2519 1203 2564 plura
1230 2515 1400 2554 dabimus.
1503 2517 1541 2560 4)
1566 2516 1611 2555 Il.

191 2580 230 2614 L.
256 2578 279 2614 l.
307 2590 355 2614 vs.
374 2580 440 2612 855
456 2590 550 2623 seqq·
577 2575 633 2611 cll.
661 2586 708 2609 vs-
730 2577 795 2609 850
817 2587 890 2619 seq.
1020 2574 1059 2618 5)
1086 2575 1129 2610 11.
1154 2573 1193 2609 L.
1213 2572 1237 2608 l.
1261 2574 1399 2616 vs.875.
1447 2573 1523 2609 Uno
1548 2584 1611 2606 eo-

190 2632 336 2678 demque
360 2643 441 2666 arcu
479 2638 649 2668 certantes
678 2628 733 2664 usi
762 2629 921 2666 videntur
958 2641 997 2665 ex
1031 2628 1069 2665 L.
1092 2628 1117 2666 1.
1147 2640 1196 2666 n.
1215 2629 1281 2674 870
1310 2637 1385 2672 seq.
1502 2625 1541 2672 6)
1566 2625 1612 2666 11.

190 2688 237 2726 L.
253 2686 278 2724 l.
303 2699 351 2725 vs.
376 2688 457 2725 881.
