1780 3120
567 139 1157 193 uomssssicA.
1465 160 1566 212 299

111 313 115 315 -
148 276 400 328 lectoribus
413 311 424 333 ‚
444 271 731 336 singularum
753 271 920 321 harum
940 289 1098 320 rerum
1116 272 1273 320 minus
1291 272 1447 336 gnaris
1462 311 1474 332 ‚
1489 291 1565 321 or-

149 345 261 392 dine
287 352 332 390 et
354 340 596 406 perspicue
613 376 625 396 ‚
649 346 870 404 quantum
899 339 996 385 sieri
1020 338 1196 404 possit,
1227 356 1341 402 quae
1369 339 1416 384 in
1444 340 1565 386 Poe'-

154 420 227 456 tae
260 407 541 456 carminibus
576 405 652 452 hic
692 403 785 450 illic
818 404 1024 468 dispersa
1057 413 1188 461 sunt,
1224 403 1333 449 inde
1375 404 1565 453 collecta

151 472 566 539 explanaverirnus.
635 469 772 530 Quod
805 471 995 534 quidem
1019 486 1074 516 eo
1098 469 1240 532 magis
1269 468 1408 516 nobis
1427 488 1566 533 agen-

144 537 259 585 dum
277 537 494 585 duximus
513 574 524 594 ‚
560 537 665 601 quia
697 535 824 583 aliter
849 536 947 582 fieri
976 552 1072 583 non
1100 536 1267 599 possit,
1303 535 1419 599 quin
1442 552 1567 593 come

143 604 302 671 plures
340 603 431 650 loci
469 602 690 667 explicari
735 611 971 667 nequeant
1002 640 1013 660 ‚
1062 601 1152 647 nisi
1198 601 1303 663 quis
1343 617 1567 648 curruum

142 685 463 734 equorumque
516 668 843 734 adjunctorum
897 676 1070 715 certam
1120 676 1258 730 atque
1308 675 1567 713 accuratam

145 737 398 782 notionem·
414 736 672 798 perceperit
696 744 729 778 ι.

207 803 244 862 §.
280 800 326 848 5.
394 799 543 845 Variis
564 797 848 844 ornamentis
874 797 1070 860 insignes
1105 813 1267 844 currus
1304 794 1566 858 habebant,

144 864 272 914 unde
297 863 355 910 de
377 864 545 922 Rhesi,
577 863 802 909 Thraciae
827 865 945 927 regis
961 901 972 921 ,
1008 880 1146 909 curru
1168 863 1395 926 legimus:

260 933 400 993 ’Ἄρμα
430 931 470 976 δέ
500 936 532 975 οἱ
561 934 697 993 χρυσῴ
724 949 765 976 τε
794 935 856 975 καὶ
891 936 1018 993 άγύρῳ
1043 926 1082 975 εὖ
1113 932 1279 984 ἤσκηται
1301 938 1340 974 ².

141 1004 191 1044 et
221 993 467 1042 Diomedis

264 1064 453 1121 ’Ἃρματα
490 1095 501 1105 .
540 1096 551 1107 .
587 1062 721 1122 χρυσῷ
745 1066 1014 1120 πεπυκασμένα
1045 1067 1256 1123 κασσιτέρῳ
1283 1080 1324 1107 τε
1345 1058 1385 1107 3.

138 1124 350 1172 Humiles
376 1126 593 1182 fuerunt,
628 1125 751 1172 binis
785 1125 896 1170 rotis
919 1126 1151 1188 (καμπύλοις
1180 1129 1320 1180 κύκλοις
1339 1162 1351 1183 ,
1386 1129 1557 1190 τρσχοῒς)

137 1191 356 1249 subnixi,
391 1207 506 1255 quae
555 1190 746 1254 quidem
790 1198 915 1235 rotae
950 1191 1001 1235 in
1032 1190 1178 1235 Heres
1215 1207 1356 1237 curru
1390 1207 1560 1237 aeneae

136 1265 246 1302 sunt
275 1292 288 1311 ‚
332 1266 379 1302 et
433 1264 536 1300 octo
584 1254 722 1302 radiis
771 1255 989 1317 (κνήμαις)
1041 1254 1284 1302 distinctae
1341 1256 1555 1316 (ὀκτάκνη-

170 1323 219 1382 2)
246 1323 366 1368 cirea
413 1337 544 1366 axem
590 1320 783 1372 ferream
826 1319 972 1382 (ἄξονα
1012 1323 1206 1384 σιδηρέαν)
1245 1321 1493 1368 volvuntur
1515 1323 1554 1371 4.

132 1341 354 1432 §marum
401 1393 646 1432 curvatura
677 1404 712 1433 s.
747 1385 874 1432 orbis
917 1384 1051 1446 (ἴτυς)
1085 1384 1155 1431 vel
1183 1387 1361 1449 ligneus
1383 1387 1405 1422 5
1440 1387 1556 1446 suit,

133 1450 236 1509 vel,
274 1453 391 1498 utin
424 1449 636 1516 ejusdem
675 1452 795 1497 Deae
834 1468 1005 1507 curru,
1042 1467 1207 1497 aureus
1232 1453 1282 1510 6,
1317 1469 1456 1518 quern
1493 1451 1557 1498 la·

130 1517 256 1562 mina
288 1534 417 1564 aerea
444 1533 525 1563 seu
545 1517 713 1562 cantho
735 1515 1037 1562 muniebant:
1076 1515 1416 1580 χάλκέπίσσωτρα
1439 1538 1556 1579 προσ-

129 1590 295 1644 αρηρότα
319 1594 355 1630 7.
424 1581 647 1627 Rotarum
675 1581 878 1646 denique
903 1579 1122 1639 modioli,
1155 1586 1343 1642 πλῆμναι,
1380 1582 1550 1649 quibus

131 1647 244 1712 ipsis
286 1649 554 1694 inseruntur
593 1648 743 1703 radii,
780 1656 968 1709 argento
1013 1657 1146 1693 erant
1180 1648 1446 1695 fabrefacti:
1481 1655 1554 1712 ἀρ-

128 1722 239 1777 γύρου
262 1720 331 1760 εἰσί
355 1714 564 1775 περίδρςμσι
594 1717 851 1776 ἀμφοτέρωθεν
874 1712 911 1758 8.
966 1711 1052 1757 Axi
1075 1711 1183 1760 loris
1204 1750 1216 1771 ‚
1249 1722 1376 1774 ἰμίσιυ
1395 1751 1407 1772 ,
1442 1716 1548 1776 jun·

129 1787 203 1823 cta
233 1788 279 1824 et
305 1777 472 1839 illigata
514 1786 611 1822 erat
653 1794 705 1824 ea
739 1794 961 1823 curruum
1010 1795 1143 1842 pars,
1190 1780 1264 1826 cui
1301 1781 1392 1845 ipsi
1437 1780 1550 1827 insi-

129 1851 260 1895 stunt
289 1843 454 1890 heroes
485 1849 530 1887 et
552 1843 678 1906 δίφρου
702 1859 877 1889 nomen
905 1843 1027 1902 fuit,
1060 1852 1112 1890 ut
1145 1844 1195 1892 in
1221 1844 1322 1892 his:

1479 1914 1555 1959 Δι’-

172 2039 210 2084 ι)
234 2038 388 2074 Plurima
415 2037 482 2074 huc
503 2037 693 2087 spectantia
714 2037 844 2072 habent
865 2038 979 2075 Schol.
996 2068 1005 2083 ‚
1031 2039 1189 2076 Gramm.
1210 2047 1244 2075 et
1262 2039 1473 2086 Interpretes
1492 2053 1557 2075 re-

125 2094 296 2130 centiores
314 2122 324 2138 ,
348 2092 524 2138 Heynius,
561 2093 722 2136 Kijppen,
747 2092 884 2126 Nitzsch
901 2122 909 2136 ,
936 2093 1080 2139 Kopke,
1107 2093 1315 2140 Cammaun,
1339 2107 1422 2140 quos
1441 2095 1549 2132 semel

124 2148 181 2184 hic
201 2148 324 2182 citasse
349 2147 498 2181 sufficiat
514 2176 523 2192 ,
547 2160 588 2181 ne
612 2147 652 2180 ad
672 2158 822 2191 quosque
838 2146 929 2181 locos
944 2175 954 2193 ,
979 2160 1055 2182 mox
1074 2148 1250 2195 citandos,
1275 2149 1318 2184 iis
1345 2162 1544 2184 memoran-

124 2202 179 2237 dis
200 2214 337 2248 operam
375 2202 555 2246 perdamus
588 2201 639 2235 vel
670 2201 850 2245 gloriolam
881 2210 1020 2248 captare
1055 2203 1244 2240 videamur.
1293 2203 1332 2238 Iu
1360 2204 1543 2239 consilium

120 2268 181 2291 eos
195 2256 417 2291 adhibuimus
433 2285 441 2299 ‚
469 2268 553 2301 quos
567 2284 577 2300 ,
600 2267 666 2302 quo
686 2255 793 2288 visum
810 2263 883 2300 est,
908 2259 1005 2303 sequi
1025 2257 1115 2292 haud
1134 2258 1387 2302 dubitavimus;
1412 2260 1445 2293 in
1459 2270 1546 2293 eon-

121 2311 231 2347 traria
256 2322 334 2344 vero
368 2310 522 2344 minusve
555 2309 651 2344 nobis
680 2311 818 2355 quidem
851 2312 996 2356 probata
1027 2312 1128 2356 hujus
1164 2312 1303 2347 illiusve
1334 2313 1412 2347 Viri
1441 2311 1546 2350 Doct.

120 2364 293 2398 sententia
324 2364 507 2398 refutanda
542 2363 806 2410 haudquaquam
833 2367 958 2400 morati
987 2379 1114 2403 sumus,
1254 2366 1292 2410 2)
1318 2366 1361 2403 Il.
1387 2367 1436 2409 X,
1460 2368 1544 2407 438,

121 2419 170 2462 ὅ)
202 2417 246 2453 ll.
281 2418 414 2459 xxm,
444 2420 523 2455 303.
568 2418 625 2452 cll.
660 2417 733 2463 lV,
770 2422 846 2455 226.
878 2420 923 2457 al.
960 2420 1050 2464 ὄχεα
1087 2424 1171 2456 item
1212 2433 1332 2456 currus
1363 2420 1540 2458 dicuntur.

119 2473 159 2516 4)
186 2471 267 2508 Vid.
289 2471 332 2508 Il.
355 2472 385 2506 V
402 2501 412 2518 ,
436 2486 501 2519 722
519 2484 614 2518 seqq·
735 2473 773 2517 5)
801 2475 849 2508 Ut
873 2488 911 2508 ex
939 2476 1053 2522 populi
1070 2484 1104 2511 et
1135 2477 1202 2520 sagi
1224 2475 1328 2509 ramis
1348 2475 1536 2510 incurvatis

119 2526 161 2564 Il.
192 2526 262 2566 IV,
296 2528 375 2563 486.
407 2526 466 2563 cll.
495 2539 542 2563 vs.
582 2538 695 2572 praec.
735 2535 769 2561 et
804 2528 859 2573 V,
895 2532 974 2566 858.
1120 2532 1158 2574 6)
1186 2529 1266 2567 vid.
1304 2529 1348 2565 ΙΙ.
1374 2528 1423 2574 V,
1460 2531 1536 2575 724.

121 2580 159 2628 7)
182 2580 264 2616 vid.
298 2579 341 2616 ΙΙ.
367 2580 394 2618 1.
416 2580 440 2618 1.
487 2581 542 2618 Cf.
575 2580 649 2627 XI,
683 2582 762 2628 537.
795 2582 878 2630 ibiq.
915 2583 1032 2624 Schol.
1068 2592 1105 2621 οι
1135 2583 1248 2630 Apoll.
1288 2582 1403 2621 Lexic.
1432 2583 1469 2618 in
1498 2595 1529 2622 ν.

119 2635 162 2681 8)
187 2634 269 2672 Vid.
291 2632 335 2673 ll.
357 2633 409 2680 V,
434 2636 514 2680 726·
