1780 3120
571 138 1144 218 HOMERICA4
1493 166 1558 231 89

152 306 309 358 minus
337 298 530 350 excultis
557 298 953 355 vehementiores,
988 294 1127 342 rebus
1153 294 1225 341 vel
1246 295 1450 345 minimis
1472 311 1558 345 ex-·

157 370 309 428 citati,
343 367 515 417 virium
537 364 738 431 denique
773 373 820 411 et
857 361 1040 411 virtutis
1067 361 1346 408 conscientia
1373 378 1583 410 omnem¹

158 429 372 502 injuriam
414 447 605 497 perosa,
650 433 698 477 in
745 430 893 476 causis
921 427 1102 491 saepius
1147 426 1361 481 fuerunt,
1396 426 1581 494 quibus¹

159 501 298 548 animi
317 500 514 562 impotes
540 496 790 544 homicidio
811 492 972 542 maniis
1002 491 1285 556 polluerent,
1321 508 1411 556 quo
1436 509 1567 538 acce-

160 565 330 622 debat,
365 560 494 628 quod.
517 563 566 608 in
601 561 862 608 civitatibus
882 557 1097 606 vivebant
1125 565 1170 602 et
1202 557 1357 602 minus
1385 557 1574 604 ordina.

162 631 223 678 tis
254 638 302 675 et
327 645 488 692 parum
515 629 789 674 constitutis.
858 625 1012 689 Hujus
1039 622 1176 686 igitur
1200 622 1408 668 criminis
1430 623 1498 669 rei
1522 633 1574 671 ut

167 700 463 758 cognatorum
492 692 564 738 vel
596 694 964 757 propinquorum
1005 687 1257 735 vindictam
1286 687 1490 750 fugiant,
1526 688 1576 735 in

165 759 378 807 exsilium
417 756 591 803 abeunt
629 757 875 805 voluntarii
901 767 917 790 1
940 792 951 812 ‚
987 762 1039 801 ut
1077 751 1462 812 Theoclimenus,
1499 755 1582 819 qui

167 825 244 872 ob«
270 820 454 869 tribulis
493 822 684 868 caedem
732 821 789 868 ab
824 821 962 868 occisi
995 817 1347 881 consanguineis
1380 829 1579 865 mortem

167 889 257 936 sihi
302 891 472 934 timens
511 886 880 948 Telemachum,
918 894 972 932 ut
1013 885 1066 932 in
1100 882 1242 931 fidem
1270 899 1319 930 se
1355 885 1582 951 recipiat,

169 958 456 1000 obsecratur.
1539 962 1543 964 ’

313 1057 324 1067 .
361 1055 371 1065 .
410 1054 424 1071 .
463 1055 474 1067 .
509 1021 632 1065 πολλοὶ
660 1020 727 1078 δὲ,
761 1018 944 1084 inquit,
979 1026 1197 1083 κασίγνητοί
1217 1037 1283 1076 τε,
1317 1015 1398 1064 ἐ’ται
1427 1036 1468 1065 τε
1489 1028 1534 1078 2,

293 1087 435 1146 ’Ἁργος
454 1085 511 1129 ἀν’
540 1087 734 1142 ἱππόβοτον
750 1121 762 1143 ,
799 1095 898 1146 μέγα
925 1085 965 1130 δὲ
985 1095 1195 1148 κρατέουσιν
1217 1086 1362 1145 Ἀχαιοὶ
1377 1095 1391 1110 ·

311 1153 403 1195 Τών
430 1152 697 1209 ὑπαλευάμενος
730 1154 883 1196 θάνατον
915 1154 979 1195 καὶ
1005 1163 1103 1214 κῆρα
1127 1153 1330 1211 μέλαιναν,

313 1218 444 1276 Φεὺγω
460 1230 473 1241 ·
507 1215 589 1260 ἐπεί
609 1236 650 1260 νυ
681 1235 741 1275 μοι
768 1212 858 1261 αἶσα
887 1216 970 1261 κατ’
988 1222 1196 1280 ἀνθρώπους
1220 1216 1434 1267 ἀλάλησθαι
1455 1212 1493 1261 3.

179 1282 240 1329 In
270 1278 399 1325 Pelei
436 1277 581 1326 fidem
617 1279 881 1327 Patroclum
919 1286 1045 1329 τυτθὸν
1073 1287 1177 1329 ἐόντα
1202 1276 1455 1326 tradiderat
1491 1277 1593 1326 Me-

183 1345 367 1394 noetius

324 1446 734 1461 .........
769 1412 1034 1475 ἀνδροκτασάης
1063 1417 1129 1462 ὑπὸ
1153 1415 1316 1476 λυγρῆς,

302 1476 454 1538 ’Ήμοιτι
489 1480 566 1540 τῷ,
598 1479 659 1525 ’ὅτε
689 1479 807 1524 παῖδα
839 1485 1060 1526 κατέκτανεν
1079 1477 1384 1541 Ἀμφιδάμαντος

324 1546 467 1597 Νήπιος
487 1580 499 1601 ,
531 1546 595 1588 οὐκ
623 1545 777 1601 ἐθέλων,
810 1544 906 1607 ἀμφ’
933 1548 1203 1606 ἀστραγάλοισι
1230 1546 1402 1604 χολωθείς
1424 1541 1462 1586 4'.

134 1618 140 1623 '
184 1605 355 1655 Medon
376 1644 387 1666 ‚
422 1608 579 1672 Aiacis
617 1607 784 1665 frater,
819 1607 1019 1671 Phylace
1047 1607 1243 1672 degebat

323 1709 337 1721 .
371 1708 386 1721 .
426 1710 436 1720 .
475 1709 486 1719 .
519 1680 626 1735 γαίης
653 1677 727 1718 ἄπο
757 1676 955 1737 πατρίδος,
988 1672 1110 1738 ἄνδρα
1142 1679 1330 1726 κατακτὲς

321 1742 467 1784 Γνωτὸν
489 1749 670 1800 μητρυιῆς
693 1741 908 1801 Ἐριώπιδος
926 1775 940 1797 ‚
972 1742 1016 1796 ἡν
1037 1737 1099 1802 ἔχ’
1125 1737 1281 1793 Ὀϊλεύς
1303 1737 1342 1784 5.

193 1801 334 1867 Apud
387 1805 577 1866 Ajacem
624 1808 835 1865 θεράποντος
879 1820 1071 1851 munere
1124 1805 1400 1867 fungebatur
1453 1803 1603 1867 Lyco·

195 1874 348 1933 pizron
368 1904 380 1922 ,
418 1869 522 1932 qui,
557 1866 768 1929 Cytheris
797 1867 1048 1927 oriundus,
1082 1871 1172 1932 παρ’
1192 1871 1294 1930 αὐτῷ

325 1934 436 1987 Ναῖ’,
471 1937 547 1979 ἐπεὶ
574 1934 696 1993 ἀνδρα
729 1942 893 1980 κατέκτα
924 1938 1126 1998 Κυθήροιπι
1152 1932 1371 1988 {wama-15.

196 1994 350 2044 Caede
379 2005 643 2062 perpetrata
674 2015 819 2062 quum
843 1998 945 2061 fuga
979 1998 1312 2046 vindicantium
1335 2016 1498 2046 manus
1517 1999 1612 2047 elu-

197 2064 366 2109 sissent
394 2063 462 2107 rei
483 2099 494 2119 ,
529 2078 618 2126 quo
654 2065 827 2128 majore
866 2081 912 2110 se
943 2063 1164 2128 religione
1207 2074 1452 2111 tuerentur
1480 2082 1613 2112 exsu-

197 2126 296 2185 les,
331 2126 649 2190 praepotentis
688 2128 738 2173 in
779 2145 831 2174 ea
863 2129 1050 2191 regione
1090 2129 1162 2176 vel
1191 2130 1326 2189 urbe,
1363 2147 1456 2195 quo
1483 2132 1614 2178 aufu-

199 2201 390 2255 gerant,
423 2192 511 2239 viri
539 2191 732 2238 domum
770 2193 1001 2259 supplices
1029 2195 1278 2260 petebant,
1314 2213 1339 2242 a
1371 2212 1463 2261 quo
1497 2198 1615 2243 reci-

200 2267 436 2323 perentur.
506 2258 858 2321 Comparatione
886 2260 1096 2308 instituta
1124 2261 1238 2307 haec
1265 2262 1328 2307 ita
1357 2263 1616 2310 Homerus:

331 2326 399 2377 Ὡς
426 2324 462 2370 δ’
482 2325 569 2370 ’όταν
597 2323 700 2387 ἄνδρ’
717 2324 789 2379 ἄτη
828 2331 960 2380 πυκινὴ
993 2330 1096 2390 λάβῃ
1116 2364 1128 2386 ,
1153 2329 1231 2375 ὅστ’
1262 2334 1312 2374 ε’νὶ
1335 2335 1458 2391 πάτρῃ

1536 2397 1630 2440 Φῶ-

257 2492 294 2534 1)
320 2489 400 2526 Vid.
421 2490 560 2527 Muller.
581 2491 646 2535 Op.
671 2489 694 2526 l.
720 2489 786 2528 vol.
805 2491 850 2528 Η.
875 2505 909 2539 p.
928 2506 975 2528 m·
996 2496 1073 2531 535.
1175 2494 1215 2539 2)
1239 2495 1322 2540 Ejus
1344 2494 1498 2540 scilicet,
1523 2508 1623 2542 quem

215 2543 389 2578 occiderat
421 2545 696 2581 Theoclimenus.
826 2546 863 2592 5)
888 2548 951 2585 Od.
975 2549 1061 2593 XV,
1083 2551 1164 2594 273.
1202 2550 1259 2588 cll,
1293 2562 1342 2583 vs.
1365 2552 1431 2585 256
1464 2562 1558 2597 seqq.
1590 2559 1626 2587 et

216 2597 281 2631 Od.
300 2597 429 2643 XXIV,
453 2601 521 2635 452
542 2611 636 2645 seqq.
758 2600 796 2645 4)
821 2602 862 2638 11,
887 2602 1022 2647 XXIII,
1045 2605 1088 2638 86
1107 2616 1203 2650 seqq.
1327 2603 1366 2647 5)
1392 2603 1434 2640 ΙΙ.
1455 2604 1539 2650 XV,
1561 2607 1630 2643 535

216 2664 310 2698 seqq.
357 2652 412 2690 Cf.
444 2653 546 2700 XIII,
579 2655 645 2700 695
678 2666 772 2700 seqq.
913 2657 956 2702 Ο)
983 2656 1024 2694 ll.
1055 2657 1141 2703 XV,
1174 2659 1254 2695 432.
1301 2656 1354 2694 Cf,
1389 2657 1452 2696 Od.
1489 2658 1627 2708 XXIII,

217 2710 284 2743 ηδ
311 2717 405 2753 seqq.

1145 2755 1215 2790 ΕΒ
