1780 3120
194 151 258 202 '26
545 149 1231 213 ANTIQUITAS

189 299 301 331 nam
331 282 556 331 rationem
582 279 640 329 ab
667 281 777 347 ipsis
804 280 1046 331 informata
1072 291 1253 332 natura.
1318 285 1495 332 Auctor
1523 303 1602 334 no-

187 347 259 398 bis
284 347 381 415 ipse
410 348 665 404 Homerus,
699 348 809 411 qui,

531 447 543 460 .
579 418 773 475 στρεπτοὶ,
802 412 977 478 inquit,
1010 414 1050 460 δέ
1075 431 1115 459 τε
1143 419 1209 460 καὶ
1239 417 1309 461 θεοὶ
1338 420 1466 478 αὐτοὶ,

318 482 406 527 Τῶν
437 500 508 543 περ
540 482 602 524 καὶ
635 484 770 538 μείζων
801 484 942 541 ἀρετὴ,
978 485 1068 540 τιμή
1100 498 1168 536 τε,
1202 481 1269 537 βίη
1303 500 1359 529 τε.

318 548 401 591 Καὶ
432 549 500 606 μὲν
531 547 610 597 τεὺς
644 547 788 590 θυέεσσι
821 550 886 590 καὶ
916 547 1084 606 εὐχωλῇς
1118 547 1305 608 ἀγανῇσι,

321 611 455 671 ,Λσιβῇ
485 630 546 668 τε,
579 613 712 671 κνίσσῇ
743 629 808 666 τε,
844 611 1119 673 παρατρωπῶσ’
1150 609 1335 672 ἄνθρωποι

316 676 564 736 Λισσέμευει,
595 676 656 720 ὅτε
689 683 750 721 κέν
782 693 836 727 τις
868 677 1037 735 ὑπερβήῃ
1072 679 1136 720 καί
1166 682 1318 737 ἁμάρτῃ
1345 686 1380 724 ¹.

188 741 321 798 Quae
339 757 482 805 quum
498 738 760 788 mortalium
785 741 932 786 menti
951 740 1094 786 infixa
1112 739 1321 786 haereret
1337 742 1569 804 persuasio
1586 779 1601 803 ‚

188 804 407 869 singulari
438 807 489 853 in
521 805 755 852 sacrificiis
789 804 1031 869 diligentia
1061 804 1314 852 utebantur
1345 815 1391 852 et
1420 807 1600 870 religio-

187 889 248 920 ne
267 910 278 930 ‚
313 888 407 936 quo
438 871 611 918 factum
637 879 689 916 ut
722 870 931 933 pluribus
967 888 1018 917 ea
1040 870 1151 917 locis
1179 879 1391 917 accurate
1426 881 1472 919 et
1499 875 1600 920 fuse

185 938 331 987 Poeta
362 945 628 1001 exponeret.
696 937 766 983 De
793 935 961 999 quibus
993 937 1262 1001 priusquam
1287 953 1498 1000 agamus:

248 1002 288 1066 ξ.
325 1018 371 1048 2.
422 1002 480 1048 de
502 1001 722 1048 Victimis
747 1003 834 1049 erit
856 1000 1113 1051 videndum
1130 1038 1141 1057 ,
1173 1019 1366 1066 quarum
1390 1019 1599 1051 summus

182 1067 388 1116 delectus
428 1066 589 1114 haberi
630 1065 816 1114 solebat.
896 1066 1166 1113 Generatim
1209 1075 1262 1113 ut,
1302 1084 1442 1132 quam
1483 1071 1601 1133 opti-

181 1150 286 1181 mae
322 1142 457 1179 notae
490 1139 644 1179 essent
671 1140 890 1179 curarunt
914 1132 1012 1178 *nec
1045 1131 1140 1179 ulla
1167 1133 1346 1180 macula
1373 1134 1600 1180 contamiss

183 1209 318 1246 natae
339 1235 351 1255 ‚
385 1203 463 1253 ἥτις
483 1206 615 1261 ἀρίστη
640 1209 678 1243 2.
747 1199 975 1253 Juventus
1002 1197 1049 1244 in
1078 1198 1133 1244 iis
1161 1199 1360 1244 maxime
1384 1197 1600 1246 laudatur

183 1273 233 1310 et
260 1263 537 1328 pinguitudo
561 1264 599 1312 3.
665 1262 811 1310 Boves
840 1262 1142 1328 ‘potissimum
1172 1263 1405 1326 eliguntur
1439 1268 1600 1330 jugum

184 1328 398 1376 nondum
434 1330 583 1393 passi,
617 1334 762 1380 ἦκέστσι
783 1329 831 1384 4,
870 1337 917 1372 et
952 1329 1274 1392 quinquennio
1298 1328 1424 1375 haud
1459 1333 1602 1391 majo-

182 1411 256 1442 res
279 1395 329 1453 5,
367 1397 498 1457 cujus
522 1392 711 1457 quidem
741 1393 900 1439 aetatis
929 1394 1144 1439 victimae
1171 1409 1280 1456 prae
1308 1393 1473 1439 ceteris
1500 1395 1599 1442 Diis

183 1459 362 1506 oblatae
405 1467 722 1505 memorantur
745 1459 782 1504 6.
862 1457 1037 1513 Verbo,
1073 1475 1190 1521 quae
1220 1457 1488 1505 numinibus
1525 1477 1600 1507 sa-

182 1525 426 1583 crificent,
469 1523 683 1570 animalia
729 1522 948 1570 omnihus
1004 1523 1210 1569 numeris
1257 1521 1464 1570 absoluta
1507 1526 1601 1572 sint

181 1607 371 1638 necesse
397 1599 495 1647 est,
530 1590 707 1652 egregia
727 1626 738 1647 ‚
767 1593 893 1646 καλοὶ,
929 1599 1150 1652 κεκριμένα,
1185 1593 1330 1647 τέλεια,
1349 1598 1401 1634 ut
1426 1591 1596 1654 passim

178 1673 204 1704 a
231 1657 374 1702 Poeta
405 1654 623 1701 dicuntur
646 1665 681 1699 7.

244 1720 284 1784 ξ.
321 1720 365 1768 3.
421 1721 628 1779 Quatuor
649 1717 912 1765 animalium
936 1735 1101 1781 genera
1127 1718 1176 1765 in
1209 1719 1444 1766 sacrificiis
1467 1737 1600 1784 prae-

181 1787 316 1852 cipue
341 1784 548 1832 adhibita
573 1783 630 1831 ab
649 1784 855 1832 Homero
873 1792 1318 1839 commemorantur,
1343 1784 1426 1831 bos
1443 1823 1453 1842 ,
1479 1786 1598 1845 ovis,

185 1869 324 1917 caper
348 1860 394 1898 et
419 1868 520 1907 sus,
556 1849 723 1915 quibus
751 1850 798 1895 in
830 1850 956 1895 victu
988 1850 1125 1895 etiam
1146 1850 1381 1895 communi
1404 1859 1598 1898 utuntur

185 1916 367 1964 heroes.
434 1917 706 1978 Principem
750 1915 800 1960 in
839 1914 912 1960 his
951 1914 1105 1960 locum
1146 1924 1393 1961 tenuerunt
1426 1914 1595 1974 boves,

182 1999 299 2049 quos
332 1982 531 2028 maximo
567 1982 677 2026 olim
708 1982 756 2026 in
783 1980 931 2044 pretio
960 1981 1100 2026 fuisse
1133 1988 1320 2026 constat.
1387 1980 1511 2027 Hinc
1545 1982 1597 2028 in

183 2048 393 2096 maximis
432 2056 479 2093 et
518 2045 855 2093 solennioribus
890 2044 986 2091 fere
1031 2045 1267 2091 sacrificiis
1305 2054 1594 2103 mactantur,

185 2129 435 2177 eorumque
469 2111 780 2159 immolatione
810 2112 860 2156 in
891 2110 1053 2174 primis
1077 2109 1279 2171 gaudent
1301 2110 1596 2161 immortales.

183 2179 312 2238 Quae
343 2177 522 2241 singula
553 2175 781 2240 exemplis
816 2175 959 2222 allatis
997 2177 1073 2221 hic
1104 2175 1325 2221 illustrata
1351 2177 1597 2222 confirma-

183 2260 263 2302 re,
294 2260 352 2290 ne
380 2244 540 2290 iisdem
570 2242 750 2307 saepius
779 2258 804 2288 e
837 2243 979 2288 Poeta
1009 2239 1328 2287 describendis
1359 2240 1595 2288 fastidium

184 2307 435 2357 lectoribus
469 2309 719 2356 excitemus
738 2345 749 2367 ,
784 2305 842 2353 de
880 2306 1108 2354 industria
1135 2305 1388 2352 omittimus
1412 2307 1447 2351 8,

248 2435 285 2459 f
1472 2372 1511 2436 ξ.
1547 2372 1594 2433 4.

230 2503 267 2548 1)
293 2503 336 2540 11.
360 2502 427 2548 lx,
451 2505 519 2550 495
541 2515 614 2548 sqq.
757 2502 796 2547 2)
821 2502 885 2537 od.
907 2501 975 2542 XI,
1000 2503 1052 2538 50.
1194 2499 1232 2544 5)
1258 2500 1298 2537 Ε.
1324 2512 1355 2544 g.
1380 2500 1423 2536 ΙΙ.
1446 2501 1493 2546 X,
1516 2513 1593 2546 292.

180 2557 241 2604 II,
265 2560 344 2595 403.
369 2558 412 2594 11.
432 2559 499 2603 XI,
524 2564 587 2603 7225
617 2557 795 2602 0d.X1V‚
819 2560 884 2600 419
909 2565 943 2591 et
966 2556 1105 2601 passim.
1210 2555 1251 2599 4)
1277 2555 1325 2590 Il.
1341 2556 1387 2595 X,
1413 2569 1491 2601 292.
1517 2555 1591 2600 VI,

183 2612 262 2648 508.
363 2613 403 2656 5)
424 2612 502 2650 vid,
528 2612 549 2647 l.
574 2612 596 2647 l.
709 2613 746 2654 ss)
772 2612 820 2646 Ut
840 2611 881 2645 de
906 2610 989 2644 bove
1013 2610 1053 2645 ΙΙ.
1075 2609 1164 2654 VII,
1189 2611 1254 2644 515
1278 2609 1319 2643 de
1347 2622 1405 2644 sue
1438 2608 1503 2646 Od.
1524 2607 1590 2645 hl.

181 2665 220 2699 ln
245 2666 398 2700 convivio
422 2668 524 2701 ctiam
555 2665 738 2700 adhibetur
763 2665 823 2700 bos
850 2665 1077 2711 quinquennis
1101 2664 1163 2700 (jd.
1181 2664 1275 2710 mx,
1299 2677 1377 2700 ⁴120.
1448 2664 1484 2710 7)
1510 2662 1591 2699 vid.

181 2720 224 2754 Il·
247 2720 507 2765 !‚css.11‚30c2.
533 2721 685 2767 XI‚726.
702 2719 763 2758 Od.
776 2718 878 2764 XIII,
894 2722 967 2756 132.
1050 2718 1087 2762 8)
1115 2718 1167 2756 Cf.
1193 2722 1224 2766 ς.
1243 2721 1261 2754 4
1286 2732 1355 2764 seq.
1382 2726 1415 2753 ct
1446 2731 1476 2752 e·
1493 2717 1590 2754 VIII.
