1780 3120
560 137 1139 211 noMEn1cn
1480 157 1572 208 ,ὦ

220 296 263 361 §.
300 309 346 342 2.
414 289 476 339 In
500 289 673 357 nuptiis
694 291 784 338 rite
813 287 1042 338 obeundis
1067 284 1290 353 pubertas
1307 286 1364 335 ab
1397 287 1570 336 Home-

158 380 211 411 ro
238 358 465 409 laudatur.
530 356 661 405 Aeoli
689 373 891 421 namque
923 355 1037 413 filii,
1071 351 1237 418 quibus
1271 368 1448 401 sorores
1481 373 1571 400 nu-

161 428 352 484 berent,
385 422 607 470 dicuntur
628 426 810 482 ἡβώοντες
835 432 878 482 ¹,
915 431 962 469 et
988 419 1302 486 Iphidamanti
1330 420 1383 465 in
1417 421 1574 467 matri-

161 491 369 540 monium
387 527 399 549 ,
445 488 586 536 filiam
618 488 749 536 dedit
775 487 926 535 Cisses

296 593 309 604 .
347 589 360 603 .
401 589 411 602 .
551 589 564 601 .
599 561 677 601 ἐπεῖ
703 555 746 618 ῤ’
769 556 868 613 ἥβης
890 555 1066 617 ε’ρικυδένς
1087 559 1186 599 ἵκετο
1218 557 1350 613 με’-ἦνον
1373 560 1410 595 ².

229 622 271 687 ξ.
308 622 354 670 3.
422 621 492 667 Ex
520 629 768 685 parentum
803 618 1041 666 voluntate
1085 636 1112 665 a
1150 617 1307 664 liberis
1341 616 1582 664 matrimo-

164 690 246 735 nia
273 685 682 735 contrahebantur.
725 685 853 732 Hinc
871 683 1073 732 Achilles
1090 721 1101 741 ‚
1136 681 1263 749 quod
1288 680 1416 728 domi
1445 682 1581 729 aliam

167 753 254 800 sibi
277 755 526 818 conjugem
553 759 796 815 paraturus
827 751 886 797 sit
903 759 1036 816 pater
1059 749 1249 807 Peleus,
1271 749 1581 814 Agamemno-

165 820 241 866 nis
262 817 405 866 filiam
428 817 724 864 matrimonio
753 814 842 863 sibi
867 819 1058 881 jungere
1085 823 1291 863 recusat:

289 885 370 929 Ἢν
403 888 480 947 γὲρ
508 885 555 937 δή
583 902 633 944 με
660 888 771 929 σόωσι
791 886 863 928 θεοῖ
881 918 896 941 ‚
929 888 993 929 καί
1023 882 1140 928 οἴκαδ’
1154 888 1321 943 ἵκωμαι,

305 951 460 1003 Πηλεὺς
490 953 556 1001 θήν
580 968 641 1009 μει
661 947 793 996 ἔπειτα
812 960 971 1012 γυναῖκα
1001 955 1232 1010 γαμέσσεται
1259 951 1365 1000 αύτὲς
1389 946 1426 994 3.

169 1014 325 1061 Mariti
359 1013 589 1061 interfecti
618 1012 848 1061 desiderio
878 1020 1003 1061 mota
1037 1013 1214 1061 Briseis
1246 1011 1445 1061 lacrimis
1468 1026 1590 1061 con-'-

172 1082 332 1145 jugem
366 1080 444 1144 pie
472 1079 769 1144 prosequitur
791 1115 803 1137 ,

289 1146 441 1207 ''Avdpoc
461 1149 530 1205 μὲν
548 1179 560 1202 ,
593 1144 625 1206 ᾧ
640 1147 774 1192 ἔδοσάν
805 1164 855 1206 με
886 1150 1014 1207 πατὴρ
1045 1148 1111 1191 καὶ
1133 1151 1262 1193 πότνιαι
1286 1152 1413 1210 μήῒηρ
1435 1145 1474 1192 4.

174 1207 485 1257 Pudicissima
512 1209 700 1258 Alcinoi
731 1209 848 1271 filia,
884 1209 1110 1258 Nausicaa
1132 1210 1186 1270 5,
1222 1211 1264 1257 ei
1309 1227 1358 1259 se
1401 1227 1594 1259 succen-

175 1293 330 1322 suram
358 1275 656 1341 pronuntiat,

296 1345 358 1387 ”H
388 1341 422 1389 τ’
454 1348 584 1396 ἀέκητι
608 1346 720 1406 φίλων
743 1345 881 1405 πατρές
912 1347 976 1389 καὶ
1005 1345 1144 1406 μητρός
1176 1343 1304 1390 ἐόντων

308 1408 487 1470 Ἀνδράσι
516 1415 699 1470 μίσγηται
717 1445 728 1464 ‚
762 1416 849 1471 πρίν
876 1405 911 1470 γ’
939 1411 1121 1472 ἀμφάδιον
1145 1411 1263 1472 γάμον
1286 1413 1404 1456 ἐλθεῖν
1425 1408 1467 1459 6.

178 1471 414 1521 Antinous
445 1471 648 1539 denique
682 1472 1016 1520 Telemachum
1048 1482 1247 1521 matrem
1285 1475 1520 1523 dimittere
1551 1482 1598 1522 et

180 1554 342 1601 cogere
368 1537 523 1604 jubet,
558 1546 611 1585 ut
636 1539 786 1586 nubat

309 1608 378 1660 Τῷ
394 1640 406 1661 ,
438 1605 530 1665 ὅτεῴ
550 1624 590 1650 τε
614 1611 743 1667 πατὴρ
769 1607 942 1662 κέλεται,
980 1610 1045 1652 καῖ
1070 1606 1216 1651 ἁνδάνει
1244 1608 1344 1670 αὖτῇ
1365 1617 1402 1654 7.

177 1670 251 1717 Ex
272 1667 441 1734 quibus
471 1667 530 1715 ad
551 1669 844 1716 matrimonia
871 1668 1105 1736 jungenda
1132 1679 1318 1735 praeter
1355 1680 1604 1737 parentum

180 1734 466 1782 voluntatem
493 1736 870 1782 contrahentium
916 1751 1195 1782 consensum
1235 1736 1431 1787 valuisse
1472 1736 1602 1785 haud

184 1798 357 1865 absque
388 1799 486 1847 veri
511 1800 816 1847 similitudine
845 1801 1056 1848 effeceris
1078 1800 1118 1848 3.

251 1865 292 1929 ξ.
328 1866 377 1926 4.
443 1864 665 1928 Virgines
693 1867 821 1930 ipsae
853 1866 924 1912 his
957 1865 1246 1932 temporibus
1285 1867 1336 1914 in
1363 1868 1605 1916 matrimo-

185 1931 321 1978 nium
360 1947 386 1976 a
432 1929 676 1995 juvenibus
709 1932 808 1995 peti
849 1933 1039 1996 proprie
1077 1932 1171 1980 dici
1214 1944 1483 1998 nequeunt,
1520 1936 1603 2001 qui

186 1996 304 2044 filias
344 2014 369 2042 a
398 1994 668 2060 parentibus
703 2006 941 2055 emerent,
990 1997 1053 2043 ita
1083 2007 1135 2044 ut
1170 1999 1386 2046 emtionis
1421 2009 1468 2047 et
1498 2019 1609 2048 ven-

188 2060 379 2109 ditionis
422 2061 599 2125 species
630 2062 856 2126 quaedam
906 2062 1234 2112 intercederet.
1316 2064 1458 2125 Quod
1500 2084 1611 2114 cum

188 2127 267 2175 alii
306 2135 518 2176 auctores
556 2125 814 2188 affirmant,
849 2137 951 2175 tum
991 2130 1091 2195 ipse
1128 2131 1179 2176 in
1216 2131 1380 2196 primis
1413 2141 1609 2180 testatur

1517 2199 1615 2245 Ho-

242 2321 279 2365 ι)
304 2321 385 2356 vid.
413 2322 477 2356 Od.
496 2322 544 2368 X,
569 2324 589 2358 6
617 2336 713 2370 seqq.
814 2324 854 2368 2)
879 2324 923 2359 11.
952 2324 1020 2370 XI,
1044 2328 1123 2362 225.
1149 2325 1205 2361 cll.
1230 2337 1279 2361 vs.
1302 2338 1395 2373 seqq.
1501 2328 1538 2371 5)
1565 2327 1610 2366 11.

195 2375 264 2421 lx,
289 2378 368 2422 394.
392 2377 461 2413 vid.
484 2390 518 2423 q·
540 2377 563 2414 1.
589 2379 655 2414 vid.
685 2378 797 2424 Heyn.
821 2378 905 2413 Var.
931 2379 1042 2416 Leett.
1064 2388 1097 2414 et
1126 2380 1269 2416 observ.
1381 2380 1419 2424 4)
1445 2381 1487 2416 11.
1514 2383 1611 2428 XIX,

199 2442 278 2475 291.
326 2429 380 2466 Cf.
404 2431 468 2468 Od.
489 2431 559 2477 IV,
587 2446 627 2468 ιο
656 2446 750 2479 seqq.
892 2433 932 2479 5)
956 2433 1008 2468 De
1033 2447 1100 2480 qua
1130 2435 1198 2470 vid.
1233 2435 1272 2471 P.
1298 2448 1329 2471 v.
1356 2435 1396 2471 L.
1429 2435 1615 2482 Brouwer,

199 2484 326 2519 Proeve
351 2498 430 2519 over
450 2494 513 2522 etc.
539 2486 573 2519 in
598 2487 768 2522 Homerus
791 2491 917 2535 poesy,
942 2501 1016 2534 pag·
1044 2491 1106 2524 118
1134 2501 1227 2535 seqq.
1254 2498 1290 2525 et
1316 2492 1390 2526 132.
1483 2490 1522 2535 6)
1546 2493 1615 2531 od.

201 2537 275 2582 VI,
300 2541 364 2587 287
389 2553 482 2586 seqq.
521 2540 577 2576 cll.
611 2554 686 2587 sup.
711 2554 757 2578 vs.
889 2543 926 2591 7)
953 2544 1032 2578 vid.
1059 2544 1120 2578 Od.
1149 2543 1204 2588 ΙΙ,
1242 2547 1318 2582 114.
1378 2544 1428 2580 Cf.
1460 2545 1540 2592 XV,
1574 2552 1617 2583 ιδ

202 2604 271 2637 seq.
295 2601 329 2627 et
352 2594 443 2630 dicta
468 2595 508 2632 h.
535 2595 575 2632 L.
600 2609 629 2630 e.
659 2599 710 2634 15.
738 2600 769 2643 §.
790 2599 823 2634 3.
950 2598 989 2644 8)
1017 2598 1068 2634 Cf.
1096 2598 1159 2634 Od.
1185 2598 1262 2644 111,
1288 2613 1364 2644 272.
1400 2598 1440 2636 ΙΙ.
1462 2599 1526 2646 IX,
1551 2604 1618 2649 595

201 2659 295 2693 seqq.

1129 2717 1204 2753 (35
