1780 3120
190 153 254 203 68
564 147 1240 209 ANTIQUITAS

199 282 360 331 officiis
398 290 652 328 teneamus.
731 277 952 342 Optimus
988 276 1247 329 habebatur
1293 297 1372 329 rex
1416 280 1612 346 justississ

199 366 302 396 mus
321 386 333 407 ‚
370 365 396 394 a
412 349 639 412 majorum
671 342 893 390 institutis
920 361 1146 411 nusquam
1168 346 1433 403 discedens,
1468 357 1514 394 et
1535 365 1614 412 pa·

199 425 334 462 terno
363 414 410 460 in
439 427 544 458 suos
571 411 727 456 animo
753 407 1006 473 praeditus.
1073 413 1131 457 In
1153 427 1314 474 regum
1341 413 1493 478 itaque
1518 413 1616 459 lau-

202 479 338 526 dibus
375 478 571 524 maxima
596 474 709 531 fuit,
747 474 873 538 quod
909 481 1034 537 πατὴρ
1062 483 1110 529 ὡς
1140 476 1239 530 ἤπιος
1272 477 1335 531 ἦεν
1358 488 1376 513 1
1397 515 1409 534 ‚
1443 479 1616 525 civium

203 542 446 592 commoda
468 548 676 587 tueretur
701 537 758 585 ab
781 539 928 603 iisque
954 540 1072 586 mala
1087 578 1100 600 ,
1118 549 1317 587 mortem
1345 544 1481 588 etiam
1496 581 1506 601 ,
1533 542 1618 589 ubi

202 618 383 676 posset,
417 614 593 654 arceret
616 617 653 650 2.
723 605 815 651 Sua
837 605 978 668 igitur
1013 604 1178 670 populi
1213 606 1468 654 commodis
1494 616 1621 673 post-

204 676 365 743 ponit;
398 673 471 719 his
502 669 713 732 invigilet
743 686 933 716 necesse
960 679 1030 716 est
1060 688 1148 718 nec
1180 671 1316 719 decet

338 773 546 788 .....
577 740 773 797 παννύχιον
802 737 915 782 εὕδειν
940 738 1163 801 βουληφόρον
1187 736 1310 796 ἄνδρα

331 803 400 853 τΩι
439 808 521 851 λαοί
546 804 580 850 τ’
607 805 918 865 ἐπιτετράφαται,
950 806 1014 847 καὶ
1044 810 1162 850 τόσσα
1187 808 1331 864 μέμηλε
1353 804 1390 851 5.

207 873 284 923 Ad
323 872 720 935 Agamemnonem
761 866 961 927 Nestor,
993 876 1255 933 sceptrum,
1292 868 1476 936 inquit,
1508 869 1631 916 Zeus

207 938 294 987 tibi
325 935 482 994 dedit,

344 1031 842 1050 ...........
873 1003 937 1045 ἵνα
968 1006 1070 1062 σφίσι
1088 1003 1340 1063 βωλεύῃσθα·

344 1071 413 1130 Τῷ
441 1087 483 1113 σε
516 1071 593 1128 χρὴ
618 1072 701 1128 πέρι
727 1064 795 1125 μὲν
823 1068 964 1128 φάσθαι
987 1067 1072 1118 ἔπος
1090 1100 1106 1124 ,
1139 1064 1199 1119 ἡδ’
1223 1074 1454 1125 ἐπακοῦσαι,

344 1136 525 1194 Κρῃῇναι
550 1134 590 1179 δὲ
615 1135 677 1176 καὶ
697 1129 804 1192 ἄλλῳ
819 1167 831 1187 ,
864 1132 954 1176 ὅταν
977 1135 1058 1176 τινὰ
1087 1135 1196 1191 θυμὸς
1219 1139 1344 1196 ἀνώγῃ

347 1202 477 1244 Εἱπεῖν
502 1202 550 1250 εἷς
578 1199 714 1258 ἀγαθόν
731 1212 741 1221 ·
778 1201 838 1240 σέο
862 1195 898 1241 δ’
917 1196 1072 1253 ἕξεται,
1106 1198 1126 1242 ‘0'
1158 1217 1217 1244 ττι
1248 1219 1309 1244 κεν
1334 1197 1437 1261 ἄρχῃ
1462 1196 1500 1243 4.

217 1265 436 1313 Cernitur
469 1269 622 1307 autem
648 1268 866 1323 paternus
890 1259 938 1305 iu
964 1277 1071 1306 suos
1098 1265 1215 1325 regis
1243 1263 1423 1309 animus
1454 1279 1561 1309 cum
1592 1260 1642 1308 in

219 1331 318 1378 aliis
357 1338 457 1374 tum
488 1328 537 1372 in
567 1325 664 1383 his,
698 1333 750 1371 ut
779 1330 918 1385 αἴσιμα
947 1327 1049 1379 εἰδὼς
1074 1326 1271 1373 multam
1305 1326 1502 1391 praedae
1533 1344 1644 1391 par-

220 1407 318 1444 tem
349 1393 440 1440 suis
469 1391 646 1439 dividat
669 1389 691 1423 5
708 1428 718 1448 ,
743 1406 932 1436 suorum
965 1389 1201 1439 benefacta
1229 1393 1407 1439 honore
1434 1401 1570 1439 ornet
1596 1399 1645 1438 et

221 1457 492 1509 muneribus
516 1457 562 1514 6,
599 1454 773 1520 ubique
808 1454 906 1506 vim
936 1465 1115 1511 arceat,
1151 1457 1202 1504 in
1233 1458 1416 1522 judiciis
1441 1474 1648 1523 praeser-

223 1529 308 1574 tim
335 1524 393 1571 ab
414 1540 467 1570 ea
494 1530 647 1570 caveat
672 1531 714 1578 7,
749 1521 798 1565 in
823 1521 950 1566 omni
971 1538 1018 1566 re
1042 1523 1242 1585 justitiae
1273 1532 1432 1570 auctor
1465 1542 1518 1571 ac
1543 1539 1649 1588 pro·

222 1600 371 1640 tector
393 1590 429 1634 8,
496 1588 620 1633 Hinc
657 1585 850 1631 lionoris
892 1585 1024 1631 titulo
1063 1604 1190 1650 reges
1223 1589 1444 1635 dicuntur
1486 1594 1649 1649 ποιμένες

225 1664 350 1706 λαῶν.
395 1655 452 1700 δεῖ
490 1658 567 1716 γὰρ
590 1689 602 1709 ‚
651 1651 803 1714 inquit
846 1649 1122 1697 scholiastes
1143 1689 1154 1710 ‚
1191 1658 1249 1699 τὸν
1283 1655 1450 1716 ἄρχοντα
1487 1664 1649 1701 τεσοῦτον

231 1724 322 1771 εἶναι
346 1732 416 1768 τῶν
438 1725 654 1781 ἀρχομένων
682 1718 963 1777 πρενσύστερσν,
994 1719 1078 1762 ’ὁσσν
1096 1726 1251 1779 ποιμένα
1278 1722 1496 1782 πρεβαῖτων.
1562 1718 1653 1766 BO-

229 1791 282 1838 ni
308 1785 479 1851 quippe
510 1784 630 1846 regis
655 1789 724 1826 est
751 1796 940 1839 curare,
974 1790 1027 1827 ut

362 1852 434 1904 Ἐξ
466 1851 657 1911 εὐηγεσίης
679 1852 838 1907 ἀρετῶσι
874 1880 885 1892 .
913 1878 929 1892 .
966 1878 976 1891 .
1013 1850 1093 1893 λαοὶ
1116 1847 1178 1893 ὑπ’
1207 1851 1317 1895 αὑτοῦ
1339 1860 1373 1894 9.

299 1919 338 1982 ξ.
375 1915 421 1965 3.
487 1914 546 1961 Jn
589 1909 714 1959 bello
749 1909 970 1974 primaria
1002 1920 1049 1958 et
1084 1912 1284 1960 maxima
1316 1930 1475 1978 regum
1506 1922 1658 1980 potes-

1592 1989 1663 2026 tas

237 2130 448 2171 doctrinam,
472 2119 596 2160 Po‘e'tae
623 2123 768 2159 alteram
785 2151 797 2170 ,
820 2124 968 2160 alteram
998 2122 1220 2170 popularibus
1249 2126 1444 2170 propriam,
1467 2125 1662 2159 observasse

237 2187 304 2221 sihi
329 2184 392 2217 visi
427 2189 505 2216 sunt
534 2180 612 2213 Viri
646 2179 769 2225 Doct.,
792 2180 826 2214 in
853 2181 977 2226 quibus
1010 2179 1062 2216 Cl.
1089 2179 1132 2215 E.
1151 2180 1193 2214 A.
1219 2178 1360 2223 Borger.
1397 2179 1431 2212 in
1466 2178 1595 2224 prael.,
1621 2179 1662 2214 de

234 2238 423 2276 Homerica
449 2234 640 2279 theologia,
665 2233 794 2279 belgice
808 2235 1000 2280 conscripta
1024 2242 1058 2269 et
1079 2235 1207 2268 inserta
1229 2234 1347 2278 operi,
1372 2232 1425 2267 cui
1446 2246 1464 2267 a
1487 2233 1664 2268 Musarum

239 2302 350 2330 matre
378 2302 502 2326 nomen
523 2296 599 2329 est,
622 2288 686 2324 vol.
710 2288 755 2325 II.
780 2300 857 2335 pag·
879 2292 921 2326 60
952 2302 1045 2334 seqq.
1071 2289 1160 2333 inpr.
1184 2299 1259 2332 pag.
1281 2289 1335 2323 68.
1370 2295 1404 2321 et
1427 2286 1478 2325 Cl.
1505 2288 1545 2324 P.
1571 2300 1601 2324 v,
1625 2289 1665 2325 L,

240 2351 400 2385 Brouwer
421 2357 476 2390 op.
498 2343 554 2378 cit.
592 2356 624 2387 p.
648 2355 694 2378 m.
718 2356 781 2389 17,
807 2346 863 2380 23.
983 2343 1019 2386 1)
1044 2342 1109 2378 Od.
1131 2342 1186 2387 II,
1209 2343 1288 2378 254.
1404 2341 1443 2384 2)
1469 2342 1521 2375 Ita
1548 2342 1665 2387 Ulyssi

239 2407 346 2439 vitam
367 2406 537 2435 servatam
571 2397 691 2432 debuit
710 2397 879 2443 Epitheus
912 2398 1066 2435 Od.XVI
1081 2426 1090 2442 ‚
1104 2399 1170 2432 426
1190 2408 1284 2441 seqq.
1331 2394 1386 2431 Cf.
1411 2395 1475 2431 od.
1496 2395 1588 2441 XIV,
1603 2399 1669 2437 62,

243 2461 307 2496 158
328 2468 420 2500 seqq,
545 2454 582 2496 5)
610 2451 652 2489 Il.
672 2452 730 2496 II,
755 2455 799 2487 24
829 2464 903 2498 seq.
1028 2452 1066 2496 4)
1092 2451 1135 2487 Il.
1165 2450 1234 2492 IX,
1263 2451 1304 2494 98
1329 2462 1423 2495 seqq.
1457 2450 1513 2487 cll.
1545 2455 1666 2498 vs.-74.

244 2514 283 2556 5)
310 2510 391 2545 Ὺίἀ.
410 2508 474 2541 Od.
495 2506 563 2550 IX,
589 2508 644 2542 42.
680 2505 720 2541 Il.
742 2506 812 2549 XI,
839 2507 914 2552 704.
965 2506 1034 2547 Qui
1060 2512 1179 2539 contra
1202 2504 1273 2547 agit
1308 2504 1516 2548 δημοβόρος
1542 2507 1667 2540 merito

245 2568 372 2600 dicitur
400 2563 442 2598 ΙΙ.
464 2561 505 2606 Ι,
529 2562 606 2596 251.
657 2558 709 2595 Cf.
731 2559 883 2595 Nitzsch.
905 2559 946 2593 ad
974 2559 1037 2595 0d.
1061 2560 1118 2600 11,
1143 2561 1188 2593 44
1209 2571 1279 2604 seq.
1375 2560 1412 2602 6)
1441 2559 1488 2594 Ut
1508 2559 1671 2594 Alcinous

247 2621 313 2655 (ld.
329 2617 434 2663 wll,
459 2619 501 2652 55
520 2628 615 2660 seqq·
640 2616 683 2659 59
703 2627 796 2660 seqq.
900 2612 938 2659 7)
966 2614 1046 2647 Vid-
1064 2614 1128 2651 Od.
1150 2614 1224 2648 XIX
1239 2641 1248 2657 ‚
1276 2626 1337 2648 110
1359 2625 1451 2658 seqq.
1500 2613 1544 2651 11.
1567 2613 1671 2658 XVI,

248 2677 313 2720 587
338 2684 432 2716 seqq.
535 2670 572 2714 8)
598 2667 677 2705 vid.
703 2668 766 2704 Od.
787 2668 882 2714 XIX,
909 2681 984 2714 ²09·
1006 2668 1049 2705 al.
1152 2669 1189 2714 9)
1214 2667 1278 2706 od.
1304 2668 1341 2704 L.
1361 2668 1384 2706 l.
1411 2680 1458 2704 vs·
1482 2669 1559 2706 114.
