1780 3120
186 146 286 208 246
564 145 1248 208 ANTIQUITAS

189 277 374 337 Quibus
397 278 573 338 causis,
609 295 696 326 nec
722 288 880 328 tamen
915 281 1068 328 minus
1110 283 1257 341 mira,
1293 300 1434 348 quam
1461 301 1486 333 e
1515 303 1619 338 nm-

186 344 284 391 sica
325 353 559 410 cantuque
589 345 866 408 capiebant,
915 345 1253 407 delectatione,
1288 349 1466 396 facturn
1516 364 1614 413 est,

186 418 239 455 ut
279 410 507 474 insignem
554 412 730 457 vatibus
778 411 867 460 illis
922 413 1154 458 honorem
1203 413 1433 461 haberent
1458 427 1506 473 ¹,
1554 420 1615 468 ad

183 476 401 523 convivia
435 477 591 523 omnia
615 486 662 522 et
690 476 741 522 in
780 477 973 542 singulis
1014 478 1163 524 festis
1188 495 1266 525 eos
1301 479 1616 542 adhiberent,

183 557 386 604 quorum
424 543 617 608 quidem
647 559 762 591 voce
810 553 857 590 et
882 543 1060 591 musica
1094 545 1171 592 vix
1207 545 1365 592 satiari
1395 558 1615 613 poterant

180 606 451 671 audientem

311 677 387 721 Τοῦ
411 672 448 721 δ’
477 673 614 737 ἄμοτον
643 683 836 737 μεμάασιν
868 680 1072 737 ἀκοὺεμεν,
1108 677 1236 724 ὁππότ’
1260 678 1372 724 ἀείδει
1395 690 1432 726 2.

179 738 307 798 Quin
342 741 482 787 etiam
517 750 701 787 tantum
733 741 792 788 de
822 750 983 789 vatum
1009 741 1286 788 auctoritate
1319 752 1367 790 et
1403 745 1611 793 musicae

176 806 222 852 vi
255 804 343 851 sibi
374 806 746 871 pollicebantur,
783 815 835 854 ut
864 806 1055 873 Trojam
1092 808 1397 872 proficiscens
1423 812 1610 862 Atrides

177 869 570 934 Clytaemnestrae
604 889 764 919 curam
792 874 904 936 ἀοιδῷ
928 872 1164 930 traderet,

308 971 874 989 ............
908 936 940 1000 ᾧ
964 943 1069 984 πόλλ’
1098 941 1290 985 ἐπέτελλεν

301 1002 512 1063 Ἀτρειδης,
550 1005 728 1066 Τροίηνδε
753 1007 841 1049 κιὼν
856 1038 869 1061 ‚
903 1008 1072 1066 εἴρυσθαι
1096 1003 1233 1049 ἄκοιτιν
1256 1004 1295 1050 5.

170 1067 265 1126 Qui
299 1067 490 1132 quidem
528 1078 659 1117 vates
696 1077 882 1115 tantum
918 1068 968 1114 in
1012 1068 1375 1132 Agamemnonis
1411 1087 1607 1121 uxorem

167 1132 344 1193 valuit,
380 1143 462 1194 ut,
496 1133 612 1181 dum
647 1135 739 1200 ipsi
773 1133 979 1192 adesset,
1014 1133 1239 1181 abnueret
1273 1135 1381 1198 ἔργον
1410 1142 1529 1192 ἀεικὲς
1553 1139 1603 1199 4,

167 1197 298 1264 quod
331 1200 554 1265 deinceps
592 1201 823 1247 sustinere
869 1217 977 1246 ausa
1013 1209 1108 1260 est,
1149 1216 1256 1245 cum
1290 1203 1408 1248 ἀοιδὸν
1448 1205 1498 1250 in
1529 1205 1605 1251 in.

164 1263 314 1311 sulam
353 1265 587 1313 desertam
619 1272 792 1313 οἰωνοῖσιν
827 1269 927 1328 ἕλωρ
962 1271 1027 1312 καὶ
1064 1276 1192 1328 κῦρμοι
1222 1272 1393 1327 γενέσθαι
1431 1268 1603 1318 abduci

165 1341 412 1379 curaverat
445 1331 626 1379 adulter
648 1332 687 1378 5.
753 1332 824 1378 Ut
850 1330 1076 1390 heroum,
1111 1332 1177 1378 ita
1209 1332 1421 1379 Deorum
1456 1336 1602 1384 animi

164 1405 307 1444 cantu
351 1406 399 1444 et:
444 1400 619 1445 musica
660 1397 982 1462 capiebantur.
1068 1397 1141 1444 Ne
1187 1397 1322 1462 plura
1363 1398 1600 1461 adferam,

162 1461 378 1528 exemplo
418 1465 514 1510 sint
550 1480 667 1530 quae
719 1462 779 1510 de
821 1462 927 1510 Diis
957 1463 1009 1509 in
1043 1462 1252 1528 Olympo
1287 1467 1600 1515 coenantibus

161 1530 335 1577 cecinit
365 1530 539 1578 Poeta:

294 1630 307 1642 .
344 1631 357 1643 .
397 1631 408 1642 .
444 1631 456 1642 .
493 1631 504 1641 .
538 1596 618 1642 οὐδέ
647 1615 682 1642 τι
705 1597 816 1656 Θνμός
848 1595 986 1642 ἐδεύετο
1015 1597 1141 1648 δαιτὸς
1173 1601 1276 1650 ἐΐσης

295 1663 361 1707 Οὐ
387 1665 456 1722 μὲν
486 1668 685 1726 φόρμιγγος
714 1663 953 1724 περικαλλέος
973 1695 984 1715 ,
1021 1663 1068 1715 ἣν
1093 1659 1157 1721 ἔχ’
1186 1663 1381 1708 Ἀπόλλων
1398 1698 1413 1722 ,

292 1726 487 1774 Μουσάων
518 1729 573 1785 θ’,
608 1733 649 1773 αἳ
671 1726 788 1774 ἄειδον
813 1728 1060 1786 ἀμειβόμεναι
1088 1731 1147 1773 ὀπὶ
1175 1729 1274 1789 κοιλῇ
1296 1727 1336 1776 6.

159 1792 227 1840 Et
263 1809 497 1839 summam
543 1793 755 1857 profecto
790 1792 996 1838 musicae
1035 1791 1088 1838 in
1119 1791 1243 1837 Deos
1275 1791 1372 1839 vim
1409 1809 1509 1841 esse
1549 1804 1596 1845 et

157 1858 485 1907 efficacitatem
525 1857 907 1915 arbitrabantur,
943 1854 1060 1902 adeo
1091 1865 1143 1903 ut
1182 1857 1321 1921 hujus
1365 1857 1595 1911 beneficio

156 1924 386 1991 Apollinis
425 1940 525 1971 sese
559 1925 678 1972 iram
716 1923 903 1990 placare
935 1937 1073 1988 posse
1113 1922 1305 1971 Achiws
1336 1934 1458 1972 esset
1487 1945 1597 1993 per-

1486 2011 1596 2043 sua-

200 2114 238 2159 ;ι)
265 2114 360 2158 Quos
379 2113 572 2159 quicunque
592 2112 735 2147 laeserit
757 2111 810 2146 vel
833 2111 925 2146 malo
948 2110 1105 2146 affecerit
1120 2139 1130 2156 ,
1155 2111 1395 2154 gravissimam
1420 2125 1590 2160 quamque

151 2181 300 2215 poenam
327 2168 396 2203 sibi
430 2169 607 2203 contrahit
629 2195 640 2212 ,
673 2174 713 2201 ut
740 2175 836 2212 patet
860 2178 900 2200 ex
938 2167 1004 2201 Od.
1032 2166 1071 2210 Ι,
1097 2167 1176 2202 546.
1215 2165 1324 2211 VIII,
1348 2168 1404 2202 44.
1424 2167 1471 2205 al.
1495 2171 1589 2206 etin

155 2225 280 2270 primis
308 2235 347 2258 ex
383 2222 462 2259 Lib.
488 2223 594 2260 XXII.
628 2236 676 2259 vs.
701 2224 766 2257 545
793 2234 867 2267 seq.
884 2250 894 2267 ,
919 2220 978 2255 ubi
1000 2220 1042 2254 ad
1066 2219 1224 2266 Ulyssem
1249 2220 1435 2258 Phemius:

319 2277 434 2322 Αὐτῷ
461 2290 518 2310 τοι
543 2279 744 2317 μετόπισθ’
767 2277 856 2321 ἄχος
879 2277 1047 2316 ἔσσεται,
1074 2276 1109 2308 εἴ
1135 2289 1197 2308 κεν
1218 2276 1344 2309 ἀοιδὸν

319 2332 486 2379 Πέφνῃς,
514 2333 599 2365 ὅστε
626 2336 750 2365 θεοῖσι
775 2333 838 2364 καὶ
862 2331 1112 2374 ἀνθρώποισιν
1134 2331 1260 2366 ἀείδω.

153 2386 192 2430 2)
218 2386 283 2420 Od.
312 2386 434 2426 XVII,
459 2390 537 2423 520.
585 2387 638 2423 Cs.
662 2388 679 2421 1
697 2416 706 2432 ,
740 2389 818 2422 525.
862 2385 980 2430 XXII,
1006 2387 1074 2420 344
1100 2397 1194 2430 seqq.
1222 2384 1268 2420 al.
1317 2384 1387 2426 Qui
1421 2398 1460 2420 ex
1496 2389 1583 2424 artis

150 2442 306 2485 poeticae
331 2441 460 2485 regulis
480 2441 574 2475 varia
597 2443 631 2475 in
654 2443 805 2476 Homero
834 2441 1027 2474 carminum
1050 2451 1172 2483 genera
1205 2440 1294 2473 mira
1320 2441 1483 2484 religione
1506 2444 1583 2478 dis-

148 2504 316 2540 cernunt,
343 2504 490 2530 aetatem
516 2496 689 2530 heroicam
716 2496 883 2539 negligere
901 2503 1004 2540 atque
1023 2495 1136 2528 aliena
1157 2494 1241 2528 adeo
1260 2494 1382 2529 afferre
1407 2497 1579 2537 videntur.

148 2549 203 2584 Ira
220 2549 331 2584 schal.
355 2551 396 2583 ad
422 2551 463 2585 11.
480 2550 515 2595 I,
542 2552 618 2596 573.
653 2551 706 2588 cf.
724 2550 875 2585 Nitzsch.
895 2550 937 2583 ad
962 2549 1117 2593 QLMI,
1142 2553 1220 2595 2437.
1244 2558 1278 2582 et
1299 2558 1387 2587 auct.
1414 2551 1463 2585 ibi
1484 2553 1582 2590 laud.

145 2603 183 2646 ὅ)
209 2603 273 2638 Od.
293 2604 370 2649 111,
396 2608 459 2639 265
482 2617 552 2650 seq.
614 2605 668 2638 Cf.
692 2606 816 2640 Athen.
852 2606 890 2640 L.
914 2605 942 2641 Ι.
979 2618 1010 2650 p.
1037 2612 1089 2641 14.
1121 2612 1155 2639 et
1182 2606 1219 2639 L.
1246 2603 1338 2641 XIV.
1365 2618 1397 2649 p.
1428 2608 1506 2643 622.
1535 2611 1578 2652 C,

145 2658 186 2700 4)
211 2658 291 2694 Vid.
316 2660 381 2695 Od.
408 2660 444 2696 L.
461 2660 484 2695 l.
509 2671 557 2694 vs.
575 2662 653 2695 205.
743 2659 781 2703 A»)
811 2659 890 2691 Vid-
916 2659 980 2695 Od.
1003 2661 1040 2696 L.
1062 2660 1085 2696 l.
1109 2662 1233 2704 ‘'S-²59
1246 2671 1338 2704 seqq.
1389 2659 1438 2697 (ἶῖ,
1465 2660 1506 2698 Ῑ;
1534 2663 1580 2696 30

142 2722 239 2759 seqq.
264 2720 299 2748 ct
315 2726 376 2748 nos
404 2716 444 2752 L.
462 2714 509 2751 ss.
535 2726 565 2747 c.
589 2716 645 2750 ²6·
775 2714 814 2758 0)
838 2713 881 2751 ll.
903 2714 942 2755 Ι,
966 2717 1045 2752 (302.
1092 2714 1173 2751 vid.
1197 2713 1230 2750 h.
1251 2724 1282 2750 c.
1307 2715 1340 2760 §0
1366 2715 1398 2751 5.
1424 2723 1495 2753 not.
1518 2728 1549 2762 7.
