1780 3120
202 115 300 170 350
572 113 1251 180 ANTIQUITAS

363 491 617 541 CAPUT
664 493 1022 542 DECIMUM
1063 486 1454 554 QUINTUM.

665 650 735 682 DE
780 650 1144 681 FOEDERIBUS.

257 810 295 874 §.
338 827 379 858 1.
446 780 608 857 Bellis
627 849 638 869 ‚
663 810 849 857 heroica
875 818 1021 856 aetate
1047 811 1183 873 gestis
1203 849 1214 869 ,
1252 810 1477 874 originem
1496 823 1618 859 semis

192 887 280 943 per
299 878 394 923 fere
422 878 737 941 praebuerunt
757 893 945 938 pecora,
976 885 1185 922 armenta
1206 914 1216 932 ‚
1262 878 1492 940 mancipia
1536 879 1620 926 ab·

199 944 366 1000 ducta,
404 944 555 1004 fruges
605 940 680 986 vel
728 940 905 987 ablatae
955 939 1027 985 vel
1069 940 1360 998 devastatae,
1413 943 1612 990 feminae

196 1018 379 1072 raptae,
435 1009 537 1054 alia.
606 1007 706 1055 Ubi
753 1006 899 1053 ablata
939 1005 1107 1052 frustra
1140 1006 1440 1071 repetissent,
1478 1011 1617 1054 armis

191 1074 549 1121 ulciscebantur.
633 1071 778 1118 Unde
829 1072 1050 1117 continua
1093 1072 1187 1117 fere
1231 1081 1277 1117 et
1306 1074 1478 1118 atrocia
1520 1073 1615 1120 bel-

193 1139 233 1187 la
261 1140 552 1196 oriebantur,
594 1154 712 1204 quae
744 1155 843 1185 non
881 1138 972 1183 nisi
1001 1136 1270 1183 alterutrius
1303 1137 1464 1202 populi
1490 1139 1614 1186 inter

194 1206 390 1253 necione
439 1203 867 1268 exstinguebantur.
936 1202 1021 1248 His
1054 1203 1194 1267 igitur
1225 1204 1514 1266 temporibus
1551 1204 1613 1251 de

193 1288 302 1319 vera
337 1288 449 1336 pace
485 1287 636 1317 sermo
670 1286 768 1316 esse
809 1270 1006 1335 nequit3
1062 1269 1229 1334 quibus
1272 1269 1449 1316 scilieet
1475 1309 1487 1329 ‚
1525 1272 1614 1319 etsi.

196 1336 484 1403 aliquamdiu
529 1340 850 1402 quiescerent,
887 1352 997 1381 mox
1028 1343 1186 1381 tamen
1214 1335 1382 1393 armis,
1417 1335 1614 1400 praeda-

190 1405 318 1451 tione
340 1442 351 1463 ,
407 1402 597 1468 aliisque
633 1402 723 1449 sibi
766 1403 971 1448 invicem
1012 1401 1274 1458 nocebant,
1310 1401 1383 1447 vel
1413 1404 1613 1449 victores

188 1472 336 1518 victos
371 1470 629 1516 interficere
664 1475 743 1514 aut
770 1469 893 1515 viros
924 1483 1079 1514 servos
1128 1465 1389 1526 abducere,
1438 1478 1485 1515 et
1530 1468 1615 1515 lio-³

189 1538 331 1583 stium
357 1535 498 1582 urbes
527 1544 772 1598 ceteraque
791 1533 946 1580 omnia
970 1531 1183 1579 funditus
1209 1532 1363 1580 delere
1386 1533 1610 1586 solebant.

189 1601 325 1662 Quod
362 1610 610 1665 utrumque
644 1599 814 1664 probat
842 1598 1019 1646 bellum
1049 1598 1354 1655 Thebanum,
1390 1602 1612 1646 maxime-

187 1684 278 1731 que
307 1667 593 1730 Trojanum,
623 1667 724 1721 cui,
769 1683 867 1711 non
905 1665 995 1710 nisi
1029 1663 1165 1729 Troia
1198 1664 1415 1710 incendio
1456 1665 1610 1713 deleta

185 1732 493 1797 Troianisque
525 1733 577 1778 in
608 1732 880 1779 servitutem
912 1730 1158 1788 abductis,
1206 1730 1312 1775 finis
1354 1738 1422 1775 est
1458 1731 1609 1795 impo-

188 1801 319 1847 situs.
390 1799 612 1857 Quamvis
655 1814 764 1842 vero
810 1813 895 1860 per
941 1794 1108 1841 decem
1149 1811 1296 1842 annos
1341 1794 1607 1858 flagraverit.

187 1863 365 1913 bellum
395 1864 612 1927 Trojanis
647 1862 853 1919 illatum,
888 1879 988 1907 non
1028 1871 1183 1907 tamen
1225 1862 1444 1907 continua
1478 1862 1605 1908 fuere

187 1930 386 1997 proelia,
426 1930 510 1977 sed
536 1947 562 1975 a
596 1929 718 1976 bello
760 1927 999 1974 interdum
1036 1935 1301 1983 cessarunt,
1337 1936 1384 1972 et
1416 1926 1604 1973 foedere

185 2000 312 2054 icto,
359 1995 645 2061 aliquamdiu
695 1993 860 2042 saltem
891 2010 1015 2040 arma
1059 1993 1151 2040 sibi
1197 1993 1399 2039 invicem
1430 1993 1603 2039 inferre

187 2063 483 2111 destiterunt.

249 2128 289 2192 ξ.
326 2145 371 2176 2.
438 2129 512 2174 Ex
545 2126 633 2174 hac
675 2126 815 2189 igitur
853 2124 1084 2173 bellorum
1127 2124 1303 2189 origine
1350 2123 1606 2189 eademque

184 2194 378 2260 gerendi
414 2194 625 2247 ratione,
674 2192 839 2249 fiebat,
874 2202 928 2238 ut
964 2191 1037 2239 vel
1074 2200 1180 2238 ante
1217 2191 1338 2238 bella
1376 2190 1448 2237 vel
1487 2189 1604 2239 dum.

182 2268 478 2326 gererentur,
509 2259 569 2305 de
599 2258 864 2304 foederibus
884 2258 1105 2305 feriendis
1127 2258 1362 2323 utrimque
1387 2265 1603 2319 agerent,

181 2325 309 2394 quod
340 2326 436 2373 fere
478 2340 564 2390 per
594 2324 764 2388 legatos
798 2323 958 2371 fecisse
993 2323 1228 2371 videntur.
1295 2327 1418 2369 Ante
1449 2323 1604 2386 ipsum

180 2394 306 2440 enim
333 2391 508 2439 bellum
536 2391 795 2454 Troianum
831 2390 1065 2437 Menelaus
1103 2399 1149 2436 et
1179 2389 1370 2453 Ulysses
1410 2388 1607 2454 Trojam

179 2458 318 2522 legati
343 2459 731 2523 proficiscuntur,
769 2465 819 2502 ut
852 2456 1080 2503 Helenam
1104 2464 1345 2520 repetant,
1384 2472 1475 2518 qua
1502 2452 1604 2499 red·

178 2525 274 2572 dita
307 2523 481 2570 foederi
512 2521 721 2570 faciendo
752 2521 884 2570 locus
914 2531 1046 2571 esset.
1114 2522 1266 2569 Testis
1292 2530 1361 2568 est
1393 2524 1602 2568 Antenor

183 2592 264 2657 qui
294 2590 354 2638 ad
382 2589 609 2637 Helenam
627 2626 640 2650 ‚

1499 2652 1604 2707 Ἤδη
