1780 3120
570 129 1195 189 HOMERICA.-
1467 131 1568 203 249

154 275 410 324 cantilenae
455 288 620 338 genere
660 272 832 320 Poetae
875 269 1014 320 verba
1061 269 1323 333 accipiunt,
1372 281 1571 334 quorum

157 342 434 390 sententiam
476 355 708 403 exponere
733 354 759 383 a
798 355 848 385 re
891 346 1048 384 nostra
1090 334 1291 381 alienum
1333 336 1513 382 videtur
1535 345 1574 382 ¹.

158 408 231 456 De
271 403 552 452 chordarum
594 419 790 453 numero
826 402 946 450 nihil
986 409 1146 449 monet
1184 401 1416 446 Homerus
1439 439 1450 457 ‚
1493 403 1576 465 qui

159 472 435 537 plerumque
468 469 690 533 singulari
722 484 917 515 numero
957 468 1095 531 χερδὴν
1123 465 1262 518 dicit,
1295 465 1385 512 nisi
1416 483 1469 512 eo
1506 482 1579 513 re-

159 537 308 596 feras,
342 552 459 602 quae
487 536 538 581 in
563 535 749 601 Hymno
778 535 838 582 de
863 534 961 600 lyra
994 551 1020 580 e
1051 532 1279 580 testudine
1314 530 1372 578 ab
1406 531 1581 579 Herme

160 602 373 650 confecta
406 601 645 664 leguntur:
1340 659 1344 663 ᾗ

292 669 417 715 Ἑπτὰ
443 669 483 713 δὲ
506 673 718 731 συμφώνους
750 670 831 713 ὀΐων
856 669 1081 713 ἐτανύσσατο
1110 666 1247 728 χορδάς
1270 673 1308 712 ².

164 730 381 792 Plectm,
413 736 624 795 πλήκτρῳ,
658 730 883 778 citharam
915 730 1187 795 pulsabant,
1224 738 1276 777 ut
1303 731 1352 777 in
1375 728 1475 778 his:

300 835 313 847 .
348 834 361 846 .
390 848 394 853 ¹
397 830 915 845 ...........
949 809 1020 843 τοῖο
1050 800 1090 844 δὲ
1114 799 1274 860 φόρμιγξ

297 866 471 924 Χρυσέου
495 866 565 908 ὑπὸ
587 865 775 925 πλήκτρου
801 868 973 923 καναχὴν
994 861 1076 924 ἔχει
1100 869 1318 924 ἱμερόεσσαν
1339 862 1377 909 3.

169 928 325 988 Quem
344 944 510 974 sonum
535 926 826 974 reddiderint
845 927 1055 990 epitheto
1076 929 1194 975 forte
1210 928 1387 975 notavit
1410 928 1553 977 Poeta
1568 967 1584 989 ,

170 1009 265 1058 quo
283 994 466 1057 saepius
483 997 620 1055 ).ιγειάν
643 1001 831 1056 φόρμιγγα
853 1001 983 1038 vocat
999 1029 1011 1046 ‚
1037 1010 1127 1057 qua
1153 1002 1267 1056 φρένα
1287 1001 1502 1057 τερπόμενον
1516 995 1594 1041 in'·

172 1059 386 1106 venimus
421 1057 653 1105 Achillem
677 1058 700 1091 4
733 1067 779 1104 et
810 1059 860 1105 in
892 1059 1114 1105 conviviis
1139 1057 1304 1105 hero-‘es
1330 1058 1591 1123 plurimum

173 1122 430 1170 delectatos
444 1138 544 1170 esse
568 1122 808 1170 novimus:
845 1125 944 1170 δαιτὶ
961 1124 1087 1169 enim
1110 1132 1279 1187 συνήορός
1296 1132 1373 1171 ἐστι
1398 1130 1525 1188 θαλείῃ
1546 1127 1589 1173 5.

176 1189 431 1253 Nunquam
458 1196 613 1235 autem
647 1187 899 1248 canebant,
934 1190 1050 1253 quin
1087 1190 1383 1236 instrumenti
1425 1192 1593 1240 musici

175 1270 290 1301 sono
319 1270 478 1302 vocem
506 1256 856 1318 conjungerent.
924 1254 1067 1310 Unde
1099 1256 1295 1302 eximius
1322 1259 1437 1312 oc'szd‘o'g
1472 1266 1542 1304 est

309 1355 322 1367 .
349 1355 362 1366 .
451 1355 463 1367 .
498 1326 595 1382 ἀνὴρ
620 1327 817 1384 φόρμιγγος
846 1323 1086 1381 έπιστάμενες
1118 1326 1182 1366 καί
1205 1325 1326 1376 ἀοιδῆς
1348 1323 1386 1367 6.

174 1392 222 1431 et
245 1382 305 1432 de
342 1386 518 1433 Herme
548 1384 830 1450 hymnorum
860 1394 1054 1433 auctor:

309 1486 322 1497 .
357 1486 368 1498 .
405 1487 417 1498 .
454 1474 467 1497 ·.
504 1485 718 1500 .....
755 1459 859 1511 τάχα
891 1453 931 1499 δὲ
956 1456 1085 1514 λιγέως
1117 1457 1317 1515 κιθαρίζων

308 1517 468 1578 Γηρύετ’
491 1517 735 1577 ἀμβολάδην·
771 1522 887 1579 ἐρατὴ
915 1518 955 1563 δέ
985 1525 1016 1564 οἱ
1040 1521 1174 1564 ἕσπετο
1208 1528 1307 1582 φωνή
1331 1530 1367 1567 7.

176 1582 450 1631 Verosimile
477 1589 577 1639 est,
613 1590 665 1627 ut
700 1581 913 1629 Wurthii
951 1582 1107 1630 verbis
1148 1582 1332 1642 dicam,
1369 1589 1486 1633 ἀοιδοῦ
1521 1603 1598 1632 vo-

178 1665 282 1696 cem
309 1664 491 1713 semper
536 1645 743 1693 medium
782 1646 1033 1712 quemdam
1079 1648 1203 1695 inter
1253 1659 1443 1698 cantum
1489 1668 1602 1715 pro·

177 1715 279 1780 prie
305 1712 484 1759 dictum
512 1721 558 1758 et
582 1712 968 1759 declamationem
995 1713 1149 1760 locum
1182 1717 1384 1763 tenuisse
1404 1754 1416 1773 ‚
1452 1718 1512 1764 ita
1546 1725 1597 1764 ut

177 1781 294 1826 vatis
326 1778 670 1842 pronunciandi
703 1778 818 1824 ratio
852 1779 1066 1843 proxime
1101 1779 1315 1840 adeam,
1351 1800 1489 1846 quam
1517 1782 1600 1829 ho-

180 1843 258 1890 die
279 1844 562 1891 recitativam
591 1859 809 1890 vocamus
829 1881 841 1901 ‚
877 1843 1142 1892 accederet:
1178 1863 1325 1910 quum
1351 1848 1478 1893 enim
1500 1867 1598 1897 non

182 1918 279 1956 tam
308 1909 366 1955 ad
409 1907 660 1955 melodiam
702 1925 842 1973 quam
887 1908 946 1956 ad
983 1909 1123 1956 verba
1168 1911 1465 1965 attenderent
1505 1916 1599 1961 cir-

183 1983 466 2022 cumstantes
483 2011 494 2032 ‚
532 1974 688 2020 omnia
722 1975 783 2019 ita
809 1974 1007 2023 dicenda
1027 1984 1156 2022 erant
1175 2014 1186 2033 ‚
1221 1986 1272 2023 ut
1294 1977 1352 2024 ab
1379 1979 1599 2028 omnibus

182 2038 553 2101 intelligerentur
574 2039 611 2084 8.
678 2040 734 2087 In
762 2039 962 2107 Olympo
982 2041 1084 2088 Diis
1103 2043 1215 2095 ἀηδές
1238 2043 1434 2089 interest
1456 2046 1599 2107 Apol-

183 2105 230 2152 lo
251 2142 262 2163 ,
299 2107 373 2152 cui
408 2105 632 2152 citharam
664 2103 871 2169 pulsanti
917 2107 1138 2153 accinunt
1173 2109 1329 2155 Musae
1353 2115 1602 2172 άμεεβέμεναι

184 2177 243 2219 ὀπὶ
267 2175 366 2234 καλ-ᾖ
389 2182 426 2220 9.
471 2171 543 2218 De
564 2169 733 2236 quibus
763 2173 975 2237 Heynius
993 2182 1038 2208 ¹0
1054 2210 1067 2232 ‚
1089 2190 1265 2221 novum
1293 2184 1389 2235 est,
1422 2176 1599 2242 inquit,

1562 2254 1612 2292 et

190 2369 377 2404 sententiae
394 2368 483 2413 ὗπός
508 2380 584 2402 nam
610 2367 731 2401 ἀείδει
745 2368 803 2414 qui
825 2368 867 2403 ad
893 2369 1061 2404 citharam
1084 2370 1177 2404 canit
1197 2399 1206 2415 ,
1227 2369 1300 2416 ipsa
1325 2369 1514 2405 ι’·παείδει.
1546 2373 1601 2411 Cf⁴

192 2424 328 2459 Passov.
344 2425 421 2460 Lex.
442 2425 477 2458 in
493 2436 521 2458 v.
540 2423 650 2457 λίνον.
721 2423 757 2466 1)
783 2423 929 2469 Copiosa
947 2425 1006 2462 1.1,
1026 2425 1192 2470 expositio
1217 2433 1326 2459 exstat
1341 2426 1373 2458 in
1390 2426 1501 2472 IIeyn.
1519 2427 1606 2466 Var.

193 2480 305 2515 Lectt.
328 2487 362 2513 et
374 2479 513 2514 Observ.
534 2478 575 2511 ad
597 2477 640 2513 Il.
663 2477 803 2522 XVIII,
826 2481 893 2523 570
906 2491 979 2524 seq.
1073 2479 1111 2522 2)
1136 2479 1263 2524 Hymn.
1288 2479 1322 2512 in
1340 2479 1460 2517 Herm.
1485 2495 1532 2518 vs.
1545 2485 1605 2521 51.

195 2535 233 2576 5)
259 2533 383 2578 Hymn.
416 2534 451 2567 in
474 2533 586 2578 Apoll.
614 2544 662 2568 vs.
691 2535 754 2568 184
774 2545 844 2577 seq.
871 2541 906 2567 et.
934 2534 969 2567 in
998 2533 1116 2569 Herm.
1156 2536 1222 2578 419
1247 2546 1339 2579 seqq.
1377 2535 1437 2571 cll.
1474 2548 1521 2572 vs.
1545 2540 1604 2576 53.

194 2588 233 2631 4)
259 2587 341 2623 vid.
374 2587 417 2624 Il.
444 2587 512 2631 IX,
539 2589 614 2623 186.
744 2587 783 2630 5)
810 2588 891 2625 Vid.
923 2588 988 2624 Od.
1018 2588 1131 2631 VIII,
1154 2597 1211 2633 99-
1248 2588 1303 2623 cll.
1333 2587 1373 2633 1,
1397 2591 1451 2625 52.
1486 2591 1608 2640 XVII,

193 2654 255 2685 271
284 2654 353 2686 seq.
480 2642 518 2685 6)
544 2641 607 2676 Od.
629 2640 727 2685 XXI,
753 2644 832 2680 406.
959 2642 996 2688 7)
1021 2643 1150 2686 Hymn.
1173 2643 1209 2676 in
1229 2642 1349 2676 Herm.
1376 2656 1420 2679 rs.
1444 2646 1511 2679 424
1532 2658 1607 2693 seq.

197 2696 236 2742 ὅ)
262 2696 408 2742 Specim.
426 2707 529 2742 supra
552 2696 646 2733 laud.
672 2709 747 2742 pag.
764 2699 814 2734 25.
942 2698 981 2743 9)
1006 2697 1048 2734 ΙΙ.
1074 2697 1112 2743 1,
1137 2698 1214 2732 003.
1319 2698 1378 2743 ιο)
1403 2699 1457 2733 Ad
1476 2700 1518 2739 11.
1540 2701 1564 2740 l.
1584 2703 1613 2737 1.

1213 2754 1289 2797 Q⁵
