1780 3120
204 167 267 217 ὼ
560 146 1232 229 ANTIQUITAS

206 300 372 346 ductae
393 305 522 344 erant
537 296 596 343 ab
622 297 832 345 hostibus
856 308 898 343 ¹:
933 296 1193 346 foederibus
1211 297 1351 347 fidem
1374 302 1549 349 faciunt
1571 304 1607 348 2':

199 364 368 430 judicia
396 374 610 410 exercent
634 363 656 395 5
687 372 732 408 ct
751 399 761 417 ‚
796 361 923 430 quod
952 363 1023 409 vel
1051 365 1301 410 maximum
1330 377 1421 424 est,
1451 385 1475 412 a
1504 381 1609 428 rege

197 434 247 478 in
280 428 472 477 consilia
494 427 802 484 adhibentur,
838 445 1038 491 quocum
1067 431 1309 492 conjuncti
1340 435 1476 485 βςυλὴν
1505 448 1609 477 con-

196 496 416 552 stituunt,
451 510 591 559 quam
625 491 712 538 alio
747 493 935 538 nomine
961 496 1098 551 βονλὴν
1128 501 1304 557 γερόντων
1326 496 1350 529 4
1384 506 1430 543 et
1456 502 1567 543 θῶκσν
1589 495 1611 529 5

195 559 484 623 nuncupavit
512 558 759 604 Homerus,
826 558 930 617 Quo
957 556 1148 622 quidem
1184 558 1381 606 concilio
1414 578 1466 607 ea
1504 576 1614 606 cum

196 643 302 689 rege
332 623 656 670 deliberabant
681 631 843 686 γέροντες
862 660 873 679 ,
908 639 1023 688 quae
1050 622 1160 669 dein
1185 635 1436 672 convocato
1463 641 1615 689 popu-

196 691 241 738 lo
264 697 300 737 έν
325 693 445 752 ἀγορᾷ
465 688 486 723 6
521 688 941 746 communicarent,
976 704 1062 733 nec
1084 695 1242 735 tamen
1263 698 1316 735 ut
1340 708 1468 737 suam
1489 690 1616 754 quis-

199 771 289 822 que
319 754 379 800 de
414 771 465 801 re
509 754 744 820 proposita
774 754 1052 800 sententiam
1089 752 1293 809 diceret,
1330 755 1458 822 quod
1491 755 1620 819 prin·

199 822 360 886 cipum
386 820 590 867 virorum
618 819 733 877 suit,
770 818 853 865 sed
877 827 930 865 ut
967 835 1128 873 omnes
1164 819 1325 878 simul,
1370 819 1484 886 quid
1515 837 1620 865 sen-

198 889 370 944 tirent,
406 894 484 931 aut
513 885 651 949 signis
684 892 764 931 aut
803 900 914 931 sono
949 883 1258 947 significarent
1280 896 1316 930 7.
1385 889 1622 949 Agamem-

197 969 297 1000 non
313 986 330 1010 ‚
364 959 415 997 ut
438 950 527 996 hoc
551 958 657 997 utar
675 987 687 1008 ,
721 957 893 1012 γέρσντας
913 958 1154 1007 convocat,
1189 948 1359 1015 quibus
1389 950 1621 998 somnium

201 1037 229 1066 a
262 1019 356 1063 Zeo
385 1014 475 1064 sibi
504 1015 698 1061 missum
722 1015 1036 1061 communicet
1069 1023 1116 1061 et
1148 1031 1265 1078 quae
1296 1015 1385 1079 ipsi
1414 1012 1621 1063 facienda

202 1081 451 1131 videantur
486 1088 712 1144 exponat,
748 1087 830 1138 ut,
866 1096 947 1126 sua
978 1078 1066 1125 illis
1108 1079 1298 1125 consilia
1326 1079 1626 1144 adprobanti·

203 1149 292 1197 bus
310 1185 322 1206 ‚
351 1147 401 1194 in
420 1146 650 1212 populum
672 1144 894 1210 deinceps
923 1144 1216 1209 evulgentur.
1281 1144 1410 1192 Haec
1439 1146 1501 1192 ita
1527 1144 1626 1190 Ho-

203 1230 392 1263 merus:

336 1282 455 1333 Βενλὴ
491 1314 502 1324 .
541 1314 554 1327 .
589 1313 602 1325 .
635 1289 778 1340 πρῶτον
809 1279 1033 1340 μεγαθύμων
1046 1278 1106 1331 ’ἷζε
1133 1285 1339 1342 γερόντων,

335 1348 430 1399 Τοὺς
450 1346 516 1406 ’ἑγε
540 1348 775 1406 συγκαλέσας
794 1378 807 1397 ‚
838 1351 992 1397 πυκινὴν
1025 1347 1196 1405 ἡρτύνετο
1224 1347 1384 1401 βουλήν·

207 1428 300 1478 quo
330 1409 601 1475 principum
641 1407 833 1456 consilio
856 1407 941 1455 ubi
969 1424 1085 1472 quae
1112 1407 1294 1456 volebat
1324 1416 1596 1472 exposuerat

342 1508 792 1525 ..........
826 1476 962 1532 βουλῆς
983 1475 1025 1527 εξ
1052 1470 1149 1536 ἦρχε
1168 1480 1334 1521 νέεσθαι·

341 1545 397 1588 Οἱ
424 1543 460 1589 δ’
488 1547 744 1594 ἐπανέστησαν
760 1576 772 1598 ,
806 1544 968 1586 mdes-210*
988 1557 1028 1585 τε
1051 1545 1190 1601 ποιμένι
1212 1543 1313 1586 λαῶν

338 1611 575 1667 Σπηπτεῦχει
600 1608 806 1663 βασιλῆες·
842 1609 1075 1650 ε’πεσσεὺεντο
1102 1607 1141 1650 δὲ
1172 1609 1254 1650 λαεί
1274 1606 1313 1651 8.

206 1669 344 1720 Idem
389 1670 648 1718 observavit
675 1683 861 1735 quoque
899 1667 1195 1716 Aristoteles:
1230 1668 1403 1723 δῆλςνδὲ
1433 1676 1536 1715 τοῦτο
1565 1680 1630 1714 καὶ

209 1743 254 1785 ἐκ
277 1751 348 1785 τῶν
372 1744 541 1800 ἀρχαίων
568 1739 778 1791 πολιτειῶν,
810 1736 1047 1796 3;‘'O[1-⁴6,C⁵;
1079 1739 1268 1795 ἐμιμεῖτο·
1303 1740 1335 1780 εἳ
1359 1738 1435 1797 γὰρ
1462 1737 1630 1791 βασιλεῖς

208 1805 237 1849 ἂ
267 1807 467 1866 προέλοιντο
494 1804 713 1864 ἀνήγγελλον
736 1800 792 1863 τῷ
810 1803 918 1862 δήμῳ
941 1811 977 1844 9.

275 1868 314 1931 §.
351 1886 397 1915 2.
464 1870 520 1917 In
549 1866 825 1913 concionem
851 1872 1006 1911 autem
1027 1863 1253 1928 populum
1285 1864 1512 1929 cogebant
1541 1864 1635 1930 ple-

205 1949 408 1996 rumque
437 1946 694 1999 praecones
717 1943 786 1990 10,
818 1946 916 1976 non
953 1931 1072 1993 regis
1096 1941 1137 1964 ¹1
1171 1938 1354 1977 tantum
1379 1930 1460 1978 sed
1481 1939 1526 1976 et
1558 1948 1637 1977 cu-

211 2001 378 2066 jusque
422 1997 650 2067 principis
684 1997 773 2046 viri
817 1999 975 2062 jussu,
1022 2003 1074 2041 ut
1103 1994 1297 2043 Achillis
1315 2007 1381 2057 ¹2,
1425 1995 1637 2043 Telema-

1560 2061 1638 2108 chi

265 2197 302 2241 1)
331 2195 413 2233 vid.
438 2194 479 2232 11.
504 2195 573 2241 XI,
597 2194 664 2240 687
691 2205 787 2240 seqq.
889 2193 928 2239 2)
955 2193 1037 2230 vid.
1053 2190 1202 2227 Il-XXII
1219 2219 1228 2236 ,
1254 2203 1330 2238 119.
1424 2193 1462 2236 5)
1485 2192 1567 2229 vid.
1592 2191 1638 2230 Π.

214 2250 444 2295 ΛὛΙΙΙᾼΟΞ.
546 2250 585 2295 4)
611 2251 660 2285 Ut
691 2249 732 2293 Il,
760 2251 816 2294 11,
839 2249 898 2284 55.
946 2247 1000 2285 Cf.
1028 2246 1168 2283 Mulier.
1203 2247 1265 2292 Op.
1286 2246 1311 2280 l.
1342 2246 1408 2281 vol.
1432 2249 1497 2284 ΙΙΙ,
1533 2259 1568 2292 p.
1593 2260 1636 2293 9²

215 2318 285 2351 seq.
312 2305 377 2340 Od.
395 2307 462 2349 111,
482 2307 557 2340 128.
652 2304 692 2348 5)
717 2303 799 2338 Vid.
816 2302 878 2338 Od.
895 2302 968 2346 XV,
982 2304 1061 2348 467.
1087 2303 1226 2339 θόωκος
1247 2300 1310 2336 Od.
1329 2304 1382 2346 11,
1398 2303 1455 2338 26.
1534 2301 1573 2345 6)
1590 2302 1640 2337 Ut

214 2359 258 2393 11.
283 2363 339 2404 11,
363 2362 407 2405 87
433 2371 527 2404 seqq.
574 2358 766 2404 Aliquando
793 2359 842 2401 τῷ
871 2358 983 2402 ἀγορὰ.
1012 2357 1181 2391 Homerus
1211 2356 1350 2399 βουλὴν
1374 2357 1578 2401 significavit
1601 2365 1641 2394 ut

218 2414 261 2450 ΙΙ.
279 2415 346 2459 lx,
365 2428 395 2448 11
418 2427 510 2460 seqq.
549 2414 601 2447 De
623 2416 736 2459 ἀγορᾷ
761 2412 803 2448 cf.
829 2411 957 2446 Mulier
978 2412 1041 2456 Op.
1057 2411 1083 2447 l.
1107 2409 1254 2445 v01.111.
1279 2421 1313 2455 p·
1331 2422 1361 2455 9.
1387 2411 1422 2444 in
1447 2419 1527 2445 nota
1550 2412 1639 2456 ibiq.

218 2477 311 2503 auct.
339 2469 398 2503 cit.
417 2469 473 2503 cll.
500 2481 532 2514 p.
553 2471 609 2504 80.
713 2467 749 2513 7)
777 2466 829 2502 Cf.
853 2465 888 2502 h.
911 2466 951 2502 L.
987 2479 1016 2502 c.
1039 2480 1069 2501 1.
1104 2469 1133 2512 ς.
1155 2466 1176 2498 5
1201 2476 1271 2508 seq.
1387 2465 1424 2509 ὅ)
1451 2466 1491 2502 11.
1518 2470 1572 2510 ΙΙ,
1594 2467 1641 2500 53

222 2537 315 2569 seqq.
341 2526 385 2559 84
407 2536 500 2569 seqq.
522 2522 575 2559 cll,
605 2535 652 2558 vs.
676 2525 717 2568 95
742 2534 836 2567 seqq.
953 2521 992 2567 9)
1017 2520 1132 2555 Ethic.
1159 2525 1221 2555 111.
1251 2530 1281 2553 e.
1304 2520 1336 2554 5.
1439 2519 1493 2563 10)
1519 2519 1562 2555 ll.
1584 2522 1640 2559 11,

223 2581 278 2612 51.
303 2577 349 2614 al.
396 2578 463 2613 Ubi
493 2589 548 2612 res
578 2578 626 2612 ita
659 2576 813 2621 serebat,
839 2575 905 2620 ipsi
933 2588 1065 2621 quoque
1090 2573 1258 2619 principes
1281 2572 1442 2618 populum
1475 2584 1642 2607 convoca-

227 2631 330 2676 bant,
366 2640 405 2667 ut
438 2632 585 2667 Thetide
616 2639 772 2666 monente
809 2629 959 2664 Achilles
984 2629 1026 2665 ΙΙ.
1052 2628 1126 2662 XIX
1143 2655 1152 2672 ,
1177 2629 1233 2663 40.
1258 2640 1353 2672 seqq.
1469 2628 1533 2674 11)
1559 2626 1639 2663 Vid-

225 2685 267 2723 ll.
288 2690 317 2719 Η
337 2715 346 2734 ,
372 2690 414 2723 50
431 2700 522 2735 seqq,
562 2687 624 2725 Od.
651 2688 708 2732 11,
733 2688 789 2724 26.
809 2693 876 2724 etc.
970 2683 1026 2731 ια)
1052 2682 1130 2720 vid.
1156 2682 1198 2720 11.
1225 2683 1263 2728 Ι,
1287 2684 1345 2722 54.
