1780 3120
216 141 328 211 276:
598 123 1281 195 ΑΝΤῐρυιΤΑε

365 273 496 334 Κρατὶ
517 266 562 318 δ’
579 266 637 316 ἐπ’
664 270 802 331 ἰφθίμῳ
832 272 961 323 κυνέην
989 267 1161 316 εὔτυκτον
1181 266 1315 324 ’ἔθηκεν

344 336 565 401 Ἵππουριν·
600 334 711 380 δεινὸν
741 335 781 381 δὲ
810 335 914 399 λόφος
945 338 1172 398 καθύπερθεν
1202 337 1321 382 ἔνευεν
1342 340 1385 383 1.·

227 411 278 452 et

370 501 382 514 .
417 492 432 515 .-
470 501 482 514 .
521 501 534 513 .
571 500 585 513 .
618 471 642 519 ἡ
668 464 741 523 δ’,
779 469 904 529 ἀστὴρ
926 466 976 520 ὥς
1000 500 1013 524 ,
1049 466 1269 527 ἀπέλαμπεν

343 533 539 596 Ἵππουρις
568 533 772 594 τρυφάλεια
793 536 832 579 2.
1017 590 1021 593 .
1462 587 1466 592 .

225 597 466 664 Significat
508 605 665 644 autem
711 599 917 661 τρυφάλεια
951 594 1155 660 galeam,
1190 595 1294 655 cui,
1321 595 1384 643 <uk
1416 594 1654 664 plerisque*

225 666 356 723 aliis,
400 680 545 711 conus
587 663 709 708 inest
741 662 1000 727 perforatus
1034 672 1082 709 et
1116 665 1253 720 αὐλὸς,
1286 663 1361 708 cui
1395 664 1532 710 crista
1576 668 1654 711 in-

225 734 469 790 mittatur,
518 737 679 795 estque
728 727 843 774 adeo
884 744 975 777 vox
1024 727 1286 792 generaliS,
1341 746 1431 794 qua
1470 738 1651 777 certum

224 795 462 865 quoddam
495 793 649 857 galeae
681 810 824 856 genus
855 811 880 840 a
906 797 1074 841 ceteris
1097 795 1332 840 diversum
1349 812 1447 842 non
1476 795 1654 841 indica-

222 872 302 911 tur
325 861 363 908 3.
415 862 571 920 Quam
596 860 786 925 quidem
806 863 1027 924 τρυφάλειαν
1041 858 1292 924 aliquando
1310 869 1511 923 τρίπτυχον
1537 860 1654 907 fuis-

220 945 272 978 se
315 926 564 975 memoriae
610 924 850 989 proditum
882 934 983 983 est,
1018 926 1080 972 ita
1115 934 1169 971 ut
1203 924 1350 972 tribus
1393 923 1526 990 plicis
1570 943 1654 972 seu

218 993 406 1042 laminis
425 991 582 1037 aeneis
605 988 797 1037 inducta·
831 989 1045 1038 videatur
1067 990 1106 1035 4.
1174 991 1427 1054 Complura
1461 992 1652 1037 omnino

219 1067 333 1109 sunt
358 1056 565 1122 epitheta
581 1094 593 1117 ‚
621 1072 738 1121 quae
763 1055 865 1102 voci
883 1064 988 1110 κυνέη
1022 1054 1082 1102 ab
1098 1052 1302 1101 Homero
1320 1055 1654 1119 adjunguntur.

222 1127 285 1173 In
316 1125 388 1171 his
414 1127 652 1187 άμφίφάλος,
690 1121 743 1168 id
779 1129 880 1179 est,
914 1138 1033 1186 quae
1059 1122 1245 1167 cristam
1283 1120 1426 1168 habet
1448 1138 1656 1187 quaqua-

220 1207 381 1238 versus
420 1189 794 1255 prominentem:
832 1192 1141 1251 τετράφάληρος,
1176 1189 1309 1253 cujus
1337 1192 1469 1251 φάλῳ,
1506 1188 1655 1234 hono-

220 1259 286 1305 ris
314 1255 386 1303 vel
423 1254 686 1301 ornamenti
732 1270 893 1312 causa,
932 1262 1130 1318 quatuor
1163 1253 1227 1299 ita
1254 1255 1418 1300 cristae
1451 1252 1654 1300 insertae

220 1329 358 1381 sunt,
395 1329 446 1368 ut
480 1321 656 1383 galeam
687 1319 974 1367 obumbrent
995 1318 1033 1366 5.
1097 1318 1266 1365 Galeae
1293 1335 1392 1366 oras
1425 1318 1484 1366 ab
1523 1319 1653 1367 omni

221 1397 356 1454 parte
403 1387 555 1434 ambit
598 1395 791 1451 στεφάνη,
840 1401 959 1451 quae
1008 1401 1095 1450 pro
1146 1384 1349 1449 tegmine
1393 1394 1440 1431 et
1491 1386 1653 1431 muni-

218 1462 379 1501 mento
409 1453 574 1500 frontis
615 1462 686 1516 est
723 1460 860 1516 atque
889 1451 1110 1509 cerviciS‚
1145 1459 1198 1497 ut
1237 1468 1472 1498 armorum
1508 1452 1657 1515 impe-

219 1529 322 1566 tum
356 1526 508 1566 arceat
555 1516 630 1565 vel
661 1526 787 1564 certe
822 1532 980 1564 arcere
1020 1517 1195 1582 possit:
1235 1516 1485 1582 aliquando
1522 1519 1653 1564 enim

224 1601 386 1632 eorum
417 1587 515 1632 vim
547 1601 644 1630 non
674 1583 893 1630 sustinuit
915 1582 951 1630 6.
1019 1586 1183 1646 Φάλάρά
1213 1593 1323 1629 sunt
1352 1584 1553 1630 laminae
1579 1600 1652 1628 ae-

222 1668 329 1700 reae
354 1666 471 1716 quae
494 1648 652 1714 galeae
672 1648 903 1714 utrimque
922 1646 1081 1694 affixae
1105 1649 1155 1694 in
1178 1649 1413 1712 superiore
1436 1647 1651 1715 ejusdem

223 1726 356 1784 parte
389 1715 449 1763 ad
483 1724 667 1780 στεφάνην
695 1717 969 1778 junguntur.
1037 1714 1097 1760 In
1125 1731 1283 1780 pugna
1319 1730 1453 1772 vero,
1488 1731 1550 1759 ne
1579 1732 1653 1773 ga-

1536 1816 1539 1819 .
1578 1778 1650 1827 lea

221 1921 258 1950 et
278 1912 491 1948 ornamentis
522 1910 709 1945 sententias
732 1908 944 1955 perscrutari
977 1907 1080 1953 velit,
1111 1907 1204 1953 ipsos
1238 1908 1280 1944 ad
1310 1909 1335 1947 l.
1367 1921 1444 1944 mox
1474 1921 1505 1946 c.
1531 1909 1645 1947 adeat.

222 1968 342 2004 Missis
371 1967 584 2012 singulorum
620 1965 861 2011 opinionibus,
895 1964 1050 2009 quamvis
1086 1962 1191 1997 alicui
1221 1963 1309 1999 forte
1345 1965 1472 1999 nostris
1503 1965 1650 1998 videan-

221 2031 279 2058 tur
305 2022 587 2068 anteponendam,
613 2033 702 2066 quae
738 2020 885 2053 maxime
910 2018 1093 2063 probamus
1120 2019 1326 2063 simpliciter
1355 2027 1390 2053 at
1414 2020 1568 2054 modeste
1594 2028 1649 2054 ta·-

223 2090 303 2112 men
332 2077 501 2112 dedimus.
550 2076 631 2111 vid.
668 2075 758 2119 inpr.
787 2074 990 2110 Buttmann.
1027 2072 1137 2107 Lexil.
1176 2074 1278 2112 Tom.
1304 2074 1353 2110 ΙΙ.
1390 2087 1423 2120 p.
1455 2077 1522 2109 240
1553 2087 1647 2120 seqq.

220 2132 365 2179 Kspke,
388 2131 472 2165 iiber
505 2131 564 2164 das
600 2130 830 2173 Kriegswesen
863 2136 929 2164 etc.
961 2141 995 2172 p.
1016 2141 1054 2173 91
1079 2140 1173 2173 seqq.
1209 2137 1244 2164 et
1281 2129 1325 2165 G.
1357 2129 1396 2165 L.
1433 2129 1645 2174 (jammam,

221 2185 412 2221 Vorschule
433 2199 472 2219 zu
504 2185 565 2218 der
586 2184 694 2219 Iliade
718 2184 786 2218 und
809 2183 957 2228 Odyssee
983 2183 1041 2217 des
1067 2184 1210 2221 Homer.
1233 2185 1372 2229 Leipzig
1405 2187 1502 2229 1829.
1527 2197 1558 2228 p.
1581 2197 1648 2229 292

220 2255 291 2288 seq.
411 2241 447 2285 1)
475 2240 517 2276 Il.
541 2239 594 2273 Ill
612 2267 620 2283 ,
645 2241 710 2274 534]
730 2251 800 2283 seq·
849 2238 902 2273 Cf.
928 2238 1031 2283 XIII,
1057 2241 1122 2273 (314
1141 2251 1236 2285 seqq.
1283 2242 1311 2274 A
1339 2252 1405 2285 quo
1435 2240 1544 2279 λόφου
1567 2252 1647 2273 mo..

216 2306 257 2334 tu
280 2296 397 2341 πήληξ
422 2302 637 2339 nuncupatur
661 2293 757 2336 galea
776 2305 815 2326 ex
840 2294 1011 2328 sententia
1035 2293 1163 2338 Ktipkii
1183 2296 1246 2339 Op.
1263 2293 1290 2330 l.
1314 2306 1344 2330 c.
1363 2296 1396 2328 3.
1421 2296 1453 2340 ᾗ.
1476 2307 1506 2331 ι.
1533 2307 1566 2341 p.
1588 2307 1644 2340 92.

219 2355 280 2390 cit.
306 2352 350 2389 11.
374 2349 457 2384 XIII
473 2377 483 2395 ,
506 2351 584 2384 805.
615 2348 675 2382 XV
691 2376 700 2392 ,
725 2349 789 2383 608
804 2370 815 2387 2
840 2349 921 2394 647.
1016 2349 1053 2393 2)
1080 2350 1123 2385 11.
1149 2349 1234 2383 xm
1249 2377 1259 2394 ,
1283 2351 1345 2383 581
1368 2360 1439 2393 seq.
1536 2349 1574 2393 5)
1590 2349 1644 2384 De

220 2421 253 2444 v.
279 2407 387 2453 τρί’φ.
411 2404 479 2441 vid.
505 2404 596 2448 inpr.
625 2403 828 2438 Buttmann.
853 2401 878 2439 l.
902 2401 926 2436 l·
951 2416 984 2448 p.
1006 2406 1085 2441 250.
1133 2403 1287 2450 Koppen.
1321 2403 1362 2436 ad
1393 2403 1435 2437 ΙΙ.
1460 2403 1538 2448 ΙΙΙ,
1562 2406 1644 2450 371.

218 2462 421 2498 Gammann.
454 2461 516 2505 Op.
538 2459 564 2496 l.
600 2471 635 2504 p.
660 2470 738 2502 202·
777 2465 812 2492 et
846 2456 959 2501 Ksspk.
996 2471 1028 2504 p.
1053 2461 1107 2505 94,
1219 2458 1258 2502 4)
1285 2457 1365 2494 vid.
1384 2450 1444 2495 ⁸11.
1471 2458 1541 2503 XI,
1566 2461 1647 2496 552.

219 2518 258 2565 5)
286 2518 338 2551 De
370 2529 400 2553 v,
426 2516 556 2556 ἀμφίφ,
595 2520 629 2548 et,
663 2525 816 2557 τετραφ.
850 2512 919 2548 vid.
951 2522 1043 2552 auct.
1079 2522 1149 2550 not.
1175 2515 1205 2549 5.
1230 2514 1291 2549 cit.
1424 2513 1464 2557 6)
1492 2514 1571 2551 Vid.
1598 2515 1644 2551 Il.

221 2573 309 2616 Vll,
335 2583 388 2607 12.
413 2578 449 2606 et
471 2570 537 2615 XI,
564 2572 620 2615 96.
667 2567 790 2601 iliadis
808 2578 887 2600 vero
912 2568 950 2602 L.
972 2569 1022 2613 X,
1046 2582 1094 2605 vs.
1116 2572 1169 2605 50.
1195 2568 1235 2602 de
1254 2574 1348 2602 certo
1374 2568 1490 2612 galeae
1521 2581 1643 2614 genere

226 2626 487 2673 interpretanda
502 2638 564 2660 vox
583 2624 738 2658 videtur:
765 2616 886 2665 εἶδος,
914 2622 1026 2667 inquit
1046 2624 1196 2669 Hesych.
1222 2625 1257 2658 in
1277 2636 1309 2659 v.
1325 2650 1335 2667 ,
1360 2626 1647 2669 περικεφαλείιις

217 2683 343 2727 ἐξοχὰς
362 2683 524 2727 ἐχούσας.
562 2679 693 2716 Eodem
717 2688 818 2712 sensu
847 2677 988 2722 quidam
1016 2679 1058 2714 11.
1085 2680 1130 2714 xi
1146 2709 1155 2726 ,
1180 2682 1237 2726 96.
1264 2680 1306 2714 τὸ
1330 2691 1433 2721 oum.
1458 2680 1646 2725 accipiunt.
