1780 3120
589 139 1154 229 HoMEMcA.
1515 197 1582 249 77

168 317 360 389 publico
396 311 676 371 ministeriO,
712 321 766 358 ut
806 308 934 368 dixi,
969 309 1019 357 in
1064 308 1230 375 primis
1268 321 1584 361 memorantur

174 397 328 450 κήρυκες
348 420 360 442 ,
394 380 599 426 muneris
644 378 866 442 dignitate
913 384 960 422 et
1000 377 1266 423 auctoritate
1308 378 1510 441 insignes
1535 391 1550 414 ¹
1570 415 1584 436 ,

175 451 256 518 qui
285 443 334 495 in
363 447 493 492 omni
518 443 773 491 officiorum
808 449 940 507 parte
974 441 1160 505 regibus
1198 451 1244 488 et
1293 444 1589 508 principibus

177 515 383 564 aderant.
451 510 586 575 Regis
627 509 818 556 nomine
857 507 906 553 in
948 509 1223 554 concionem
1265 508 1489 573 populum
1522 507 1593 555 illi

177 576 526 635 convocabant,
586 573 712 640 quod
755 571 931 622 dicitur
976 578 1173 638 κηρύσσειν
1206 580 1255 630 εἰς
1297 582 1450 639 ἀγορήν.
1522 573 1594 621 Ita

178 648 503 710 Agamemnon

314 741 578 758 ......
611 710 812 769 κηρύκεσσι
844 709 1112 770 λιγυφθόγγοισι
1146 707 1270 752 κέλευε

314 777 530 837 Κηρὺσσειν
556 774 732 834 ἀγορήνδε
758 779 1063 834 καρηκομόωντας
1082 773 1254 832 Ἀχαιοὺς
1277 772 1331 818 2.-

178 839 384 887 Dicturis
410 846 463 884 ut
491 836 775 883 audientiam
799 837 1003 883 facerent
1035 836 1240 901 (saepius
1274 835 1401 883 enim
1428 834 1603 883 tumul-

182 904 397 952 tuabatur
429 902 613 966 concio)
643 901 880 949 silentium
907 902 1192 966 congregatis
1218 901 1515 950 indicebant:

311 973 499 1032 Τετριὶχει
529 966 566 1015 δ’
594 974 734 1031 ἀγορὴ,
767 972 836 1014 ὑπὸ
864 970 905 1015 δὲ
929 976 1165 1030 στεναχίζετο
1187 981 1301 1031 γαΐα,

312 1037 433 1081 Aaou
456 1041 628 1090 ἱζόντων,
661 1035 798 1095 ὅμαδος
816 1034 853 1081 δ’
869 1029 937 1086 ἦν·
975 1037 1077 1079 ἐννέα
1102 1035 1142 1080 δέ
1168 1054 1282 1097 σφεας

317 1104 491 1160 Κήρυκες
511 1102 685 1157 βοόωντες
711 1103 859 1161 ἐρήτυον
874 1134 886 1156 ,
919 1100 1029 1145 ὅποτ’
1046 1106 1160 1153 ἀϋτῆς

317 1165 480 1226 Σχοιατ’,
505 1168 696 1209 ἀκούσειαν
726 1166 766 1210 δὲ
794 1168 1021 1228 Διοτρεφέων
1048 1167 1243 1221 βασιλήων
1265 1164 1300 1210 3.

193 1228 356 1282 Verba
398 1229 444 1275 in
474 1228 697 1275 concione
725 1229 903 1274 facturo
926 1237 1161 1293 sceptrum
1193 1227 1404 1278 tradebat
1432 1236 1567 1298 κῆρυξ.

319 1298 443 1357 Χερσὶ
467 1307 654 1356 σκῆπτρον
672 1292 784 1348 ’έθηκε-
801 1331 814 1352 ,
850 1301 1045 1349 σιωπῆσαί
1069 1297 1100 1342 τ’
1120 1299 1306 1343 ἐκέλευσεν
1327 1296 1365 1344 4.

255 1360 294 1424 §.
331 1359 380 1406 3.
446 1358 614 1406 Nuntii
645 1375 827 1424 quoque
855 1359 1160 1407 mittebantur
1187 1370 1371 1424 κήρυκες,
1406 1362 1610 1431 aliosque

194 1425 463 1474 arcessitum
502 1423 702 1470 abibant.
783 1425 854 1470 Ita
892 1424 1194 1489 Talthybium
1227 1444 1335 1474 cum
1380 1430 1614 1495 Eurybate

195 1491 373 1539 dimisit
409 1489 755 1552 Agamemnon,
792 1488 872 1551 qui
913 1490 1087 1537 Achilli
1125 1501 1334 1557 ereptam
1369 1494 1615 1542 Brisc'iden

196 1557 256 1603 ad
283 1572 333 1603 se
359 1554 583 1601 ducerent
604 1554 642 1600 ⁵.
708 1553 890 1602 Alcinoi
915 1557 1042 1622 jussu
1070 1556 1398 1609 Demodocum
1421 1560 1618 1610 advoca-

194 1630 327 1668 turus
355 1622 474 1683 κῆρυξ
495 1657 509 1679 ,

397 1720 409 1733 .
447 1721 460 1735 .
499 1722 510 1733 .
549 1723 560 1735 .
599 1722 609 1731 .
649 1722 661 1736 .
697 1721 710 1735 .
746 1689 936 1750 μετῴχετο
966 1692 1056 1735 θεῖον
1083 1692 1200 1738 ἀοιδόν
1221 1690 1259 1738 5.

198 1750 469 1801 Telemachi
501 1752 551 1799 in
580 1750 788 1798 Ithacam
817 1755 987 1801 reversi
1022 1754 1197 1802 itineris
1221 1757 1335 1805 socii

338 1849 545 1865 .....
582 1826 726 1879 κη’ρνκα
751 1823 911 1880 πρόεσαν
929 1822 1036 1879 δόμον
1058 1826 1107 1874 εἷς
1130 1823 1313 1877 Ὀδυσῆος

323 1881 521 1943 Ἀγγελιην
552 1887 698 1945 ε’ρεόντα
728 1891 912 1945 περίφρονι
938 1888 1161 1947 Πηνελοπείῃ

336 1949 488 1993 Οὕνεκα
517 1951 741 2009 Τηλέμαχος
764 1950 832 2008 μὲν
855 1950 912 1994 ἐπ’
929 1954 1042 2012 ἀγροῦ
1060 1987 1072 2008 ,
1106 1963 1176 2005 νῆα
1199 1951 1237 1999 δ’
1265 1959 1398 2021 ἀνώγει

321 2011 488 2059 ’'Aemo‘'
503 2016 706 2058 ἀποπλείειν
729 2023 765 2058 7.

279 2076 320 2141 ξ.
363 2076 412 2137 4.
488 2076 839 2124 Comitabantur
880 2087 1118 2144 praeterea
1170 2084 1295 2132 viros
1345 2088 1583 2157 principes
1606 2127 1621 2151 ‚

207 2158 461 2207 eorumque
502 2141 686 2206 legatos.
751 2141 973 2207 Ulyssem

340 2244 352 2255 .
389 2242 403 2255 .
441 2242 452 2253 .
490 2243 518 2308 ,8
540 2244 552 2256 .
586 2210 704 2272 κῆρυξ
735 2213 850 2272 ὀλίγον
872 2220 1148 2278 προγενέστερος
1176 2219 1286 2267 αὐτοῦ

338 2277 476 2320 Εἵπετο
533 2289 544 2300 ·

1563 2352 1640 2402 Ad

259 2440 298 2486 ἱ)
322 2442 434 2488 Hine,
464 2452 504 2479 ut
529 2446 619 2490 regis
652 2447 740 2493 ipsi,
773 2447 933 2484 dicuntur
967 2457 1003 2486 et
1031 2450 1201 2489 habentur
1236 2452 1309 2489 Διὶ·
1328 2458 1427 2497 φίλοι
1458 2458 1502 2497 ΙΙ.
1524 2459 1638 2504 VIII,

219 2497 299 2543 517.
346 2499 435 2536 Διὸς
456 2499 604 2542 ἄγγελοι
627 2501 670 2535 Il.
690 2502 706 2535 I
725 2529 735 2545 ‚
760 2504 839 2539 534.
861 2504 906 2541 al.
1009 2506 1047 2551 2)
1072 2507 1184 2553 ILII,
1210 2512 1266 2547 50.
1291 2511 1345 2547 Cf.
1366 2512 1430 2549 Od.
1451 2513 1509 2558 II²
1534 2518 1554 2551 6
1573 2525 1639 2555 etc,

220 2550 259 2593 5)
284 2549 325 2586 Il.
351 2550 408 2596 II,
433 2555 475 2599 95
497 2566 588 2599 seqq.
638 2555 713 2596 Quo
745 2555 856 2591 officio
891 2567 930 2593 ut
956 2560 1024 2594 rite
1051 2560 1272 2607 fungerentur
1305 2575 1425 2610 arguta
1458 2569 1530 2603 illis
1557 2583 1638 2606 voce

221 2612 297 2638 erat
326 2616 438 2652 opus,
472 2609 561 2642 unde
591 2610 786 2654 ἦερόφωνοι
825 2611 984 2647 dicuntur
1013 2614 1056 2652 Il.
1086 2616 1224 2664 XVIII,
1249 2621 1327 2655 505.
1364 2622 1563 2669 κτιλήτορες
1594 2626 1643 2660 ΙΙ.

220 2657 349 2702 XXIV,
371 2661 450 2706 577.
476 2662 721 2706 λιγυφθόγγοι
755 2663 796 2700 Il.
820 2665 876 2712 II,
899 2669 979 2705 442.
999 2669 1048 2703 al.
1158 2672 1198 2716 4)
1225 2672 1265 2709 Il.
1292 2674 1424 2722 XXIII,
1447 2679 1516 2714 566
1547 2692 1643 2727 seqq.

223 2711 370 2769 5')'Vid.
393 2713 438 2748 Il.
461 2715 501 2761 1,
525 2718 592 2754 520
615 2730 706 2763 seqq.
822 2720 860 2764 6)
885 2722 949 2758 Od.
973 2723 1082 2771 VIII,
1105 2727 1162 2763 43.
1197 2726 1242 2765 cl.
1272 2740 1319 2765 vs,
1340 2731 1395 2777 47.
1512 2734 1549 2780 7)
1574 2736 1639 2776 ΟΔ.

226 2764 327 2811 ΧΠ,
354 2768 418 2803 328
446 2781 544 2816 seqq.
636 2773 675 2818 ὃ)
702 2774 765 2812 Od,
786 2774 883 2822 XIX,
907 2778 972 2813 244
991 2789 1061 2824 seq.
