1780 3120
583 150 1149 212 HOMERICA.
1515 159 1573 208 ι5

161 299 378 365 jubentur
403 294 610 343 Troades
634 307 648 330 ²
669 332 681 353 ‚
715 290 850 359 quale
869 308 955 355 pro
985 291 1092 338 artis
1115 290 1312 356 pueritia
1340 295 1447 342 satis
1481 294 1571 342 im-

159 367 416 431 perfectum
453 364 588 410 fuisse
626 362 930 426 suspicamur.

401 729 737 778 CAPUT
815 726 1345 790 QUARTUM.

419 879 492 908 DE
526 878 714 909 sACIus
747 875 985 907 DEORUM
1021 875 1330 908 MINISTRIS·

231 1042 272 1106 §.
315 1060 356 1090 ι.
422 1017 611 1091 Cultus
658 1039 804 1088 divini
837 1048 885 1086 et
928 1056 1162 1087 sacrarum
1201 1039 1393 1087 omnino
1431 1056 1589 1089 rerum

171 1124 284 1155 cura
330 1107 657 1174 antiquissimis
686 1105 976 1171 temporibus
1016 1122 1160 1171 penes
1204 1114 1359 1170 patres
1393 1105 1589 1154 familias

170 1174 285 1231 suit,
319 1191 515 1239 quorum
552 1191 660 1220 suae
688 1173 883 1238 quisque
915 1170 1064 1218 tribus
1090 1180 1167 1217 aut
1198 1171 1399 1217 familiae
1435 1189 1589 1219 sacer-

171 1237 258 1283 dos
280 1248 406 1298 erat,
435 1240 608 1303 regiam
638 1238 775 1285 simul
803 1247 848 1284 et
872 1236 1203 1284 sacerdotalem
1228 1245 1502 1301 potestatem
1530 1247 1596 1284 at-

171 1319 264 1367 que
292 1305 611 1352 auctoritatem
641 1304 838 1350 habenS.
888 1303 1095 1366 Huiusce
1123 1303 1239 1349 ritus
1281 1303 1592 1368 antiquissimi

172 1369 371 1432 plurima
407 1376 628 1434 apparent
651 1368 699 1413 in
737 1367 943 1413 Homero
980 1367 1183 1431 vestigia.
1263 1367 1434 1415 Nestor
1466 1368 1595 1417 domi

174 1451 282 1480 suae
303 1473 314 1486 ,
343 1434 453 1481 filiis
481 1434 573 1499 ipsi
602 1431 1071 1494 administrantibus„
1088 1433 1348 1480 sacrificans

305 1504 475 1561 Χέριιιβᾶε
505 1499 539 1546 τ’
561 1502 756 1560 οὐλοχύτας
781 1519 821 1546 τε
846 1506 1080 1561 κατήρχετο·
1108 1503 1228 1545 πολλοὶ
1258 1499 1296 1545 δ’
1319 1497 1464 1563 Ἀθήνῃ

308 1563 457 1626 Εὕχετ’
495 1571 771 1628 έπαρχέμενσς,
806 1568 966 1626 κεφαλῆς
993 1572 1126 1626 τριχας
1155 1570 1192 1610 ἐν
1218 1572 1306 1628 πυρὶ
1323 1569 1477 1624 βάλλων
1499 1580 1539 1614 2.

175 1625 310 1675 Idem
343 1628 403 1675 de
426 1629 564 1676 Peleo
598 1637 908 1687 memoratur,
956 1646 1092 1695 quem
1127 1628 1299 1677 Nestor
1333 1640 1379 1677 et
1406 1632 1598 1698 Ulysses

178 1694 388 1741 adIerant
411 1696 448 1742 5.
542 1694 828 1742 Graecorum
871 1696 1082 1741 omnium
1123 1695 1315 1743 senibus
1362 1699 1596 1762 optimati-

175 1757 263 1806 bus
289 1759 548 1818 advocatis,
582 1759 750 1806 bovem
780 1769 950 1806 mactat
980 1762 1300 1824 Agamemnon
1319 1800 1330 1820 ‚
1366 1764 1446 1825 qui
1479 1765 1600 1812 inter

178 1823 279 1870 illos
309 1827 457 1872 Zeum
491 1826 741 1872 solenniter
775 1835 990 1889 precatur
1012 1826 1060 1884 4,
1096 1835 1143 1872 et
1177 1826 1288 1874 alios
1324 1826 1433 1874 alibi
1481 1831 1600 1878 ritus

180 1889 414 1953 religiosos
470 1891 650 1954 peragit
671 1889 708 1936 5.
788 1890 1043 1937 Poseidoni
1091 1891 1283 1957 aliisque
1322 1894 1600 1943 immortali-

180 1952 268 2000 bus
291 1954 438 2002 libant
467 1955 610 2020 Pylii,
647 1970 736 2000 nec
767 1962 921 2002 tamen
945 1957 1131 2022 proprie
1161 1958 1224 2003 ita
1257 1957 1407 2005 dictus
1446 1977 1601 2008 sacer-

180 2018 262 2066 dos
294 2021 423 2067 adest
445 2022 480 2067 6,
563 2021 621 2066 In
650 2018 845 2066 Achillis
884 2024 1083 2068 tentorio
1119 2023 1456 2087 patrisfamilias
1493 2044 1600 2074 mu-

179 2101 292 2130 nere
318 2086 525 2150 fungitur
550 2083 819 2143 Patroclus,
850 2104 989 2152 quem
1023 2087 1104 2135 ille
1139 2094 1247 2137 θεοῖσι
1265 2095 1381 2139 θῦσαι
1403 2098 1534 2158 ἀνώγει
1557 2106 1598 2141 7.

178 2149 377 2200 Publica
400 2167 510 2201 vero
538 2151 760 2199 sacrificia
787 2154 943 2219 peragi
969 2152 1101 2218 jubet
1123 2157 1302 2215 βασιλεὺς,
1329 2172 1470 2224 eaque
1497 2160 1599 2225 ipse

1502 2225 1600 2292 ple-

233 2358 270 2401 1)
295 2357 337 2394 Il.
363 2357 438 2397 VI,
463 2371 506 2403 90
528 2370 622 2404 seqq.
666 2358 748 2395 vid.
772 2358 884 2405 Heyn.
903 2359 1042 2397 observ,
1067 2361 1109 2395 ad
1131 2361 1154 2399 l.
1180 2361 1207 2397 l·
1230 2364 1348 2412 ibique
1365 2366 1444 2402 Viri
1467 2366 1518 2403 Cl.
1543 2379 1605 2402 ex-

187 2411 341 2457 planatio
363 2411 430 2446 loci
453 2412 688 2448 memorabilis
712 2414 890 2449 Strabonis
914 2415 951 2452 L.
972 2416 1067 2451 XIII.
1092 2430 1126 2462 p.
1146 2420 1232 2466 897,
1255 2422 1316 2466 qui
1334 2421 1443 2457 multa
1463 2423 1606 2467 antiqua

190 2466 341 2500 Athenes
361 2465 511 2500 sedentis
530 2467 713 2502 simulacra
735 2470 884 2515 conspici
903 2470 1054 2505 assirmat
1067 2500 1077 2516 ,
1100 2474 1185 2519 etsi,
1207 2475 1296 2519 quod
1314 2488 1374 2511 suo
1392 2484 1543 2522 tempore
1567 2477 1605 2511 in

193 2520 303 2554 altera
328 2521 429 2564 Troja
458 2521 632 2567 exstabat,
656 2526 780 2558 stantis
800 2526 910 2570 specie
932 2525 1038 2560 fuisse
1070 2527 1195 2566 tradat.
1289 2529 1328 2574 2)
1353 2530 1417 2567 Od.
1439 2531 1512 2577 111,
1535 2532 1607 2576 445

194 2587 267 2619 seq.
306 2574 359 2611 Cf.
381 2587 429 2611 vs.
452 2577 516 2619 591
538 2588 633 2621 seqq.
679 2577 731 2612 De
752 2579 877 2614 ritibus
899 2581 982 2625 ipsis
1009 2581 1079 2617 vid.
1096 2582 1201 2617 infra·
1319 2584 1358 2628 5)
1383 2585 1427 2622 11.
1443 2586 1515 2632 XI,
1539 2600 1602 2634 771

197 2641 291 2674 seqq.
393 2628 433 2673 4)
458 2629 500 2666 Il.
524 2629 582 2674 Π,
607 2633 674 2668 402
693 2645 787 2678 seqq·
825 2632 982 2680 Cf.¹lII,
1005 2648 1082 2674 222.
1199 2636 1238 2685 5)
1264 2637 1341 2676 Vid.
1363 2638 1404 2676 Il.
1429 2639 1503 2686 111,
1526 2643 1608 2688 275.

197 2682 235 2727 ὁ)
261 2682 324 2720 Od.
343 2682 418 2729 111,
442 2685 506 2720 558
526 2697 618 2730 seqq.
712 2687 747 2733 7)
773 2687 814 2724 Il·
839 2687 906 2735 IX,
928 2702 1006 2734 219.
