1780 3120
597 123 1179 176 HOMERmA.
1505 98 1600 174 263

163 269 221 307 ex
239 256 328 307 alio
357 257 408 306 in
441 255 582 304 alium
619 254 881 303 alternatim
917 271 1057 321 eques
1087 254 1373 316 transiliret,
1412 255 1470 304 de
1495 273 1588 322 quo

165 341 293 375 more
318 324 575 371 Homerus:

294 423 690 439 .........
723 397 741 436 ὁ
766 387 804 435 δ’
828 387 985 447 ἔμπεδον
1005 387 1170 450 ἀσφαλὲς
1195 392 1266 433 αἰεὶ

294 459 518 519 Θρὼσκων,
552 453 677 502 ἄλλοτ’
707 454 763 501 ἐπ’
788 455 898 499 &Um
920 454 1121 512 α’μείβεται
1142 490 1152 508 ,
1187 461 1216 499 οἱ
1240 456 1279 500 δὲ
1302 459 1470 499 πέτονται
1494 462 1530 498 ¹.

224 519 266 584 ξ.
301 519 349 567 5.
418 520 576 567 Jactus
607 520 749 568 fiebat
779 518 906 565 diseo
926 555 936 573 ‚
972 521 1110 581 δίσκῳ·
1156 526 1174 565 ὁ
1203 520 1242 565 δὲ
1271 523 1312 564 έκ
1342 521 1468 575 λίθου,
1510 538 1586 581 φα·

157 589 216 633 σῖν
235 622 247 645 ,
283 584 354 645 ἦν,
388 593 454 632 καί
476 605 561 633 ποτε
592 593 655 633 καὶ
691 589 880 648 σιδήρεος,
913 585 1063 644 ἶμοίντι,
1102 589 1189 648 περί
1211 588 1251 631 τὸ
1275 591 1386 642 μέσον
1417 588 1584 644 ἐνειρμέ-

159 671 209 714 νῳ
230 688 242 710 ,
293 659 532 715 στρεφόμενος
593 657 657 698 καί
701 654 889 715 ἀφιέμενος
913 660 951 696 2.
1026 648 1171 714 Major
1223 649 1367 711 igitur
1410 648 1496 693 fuit
1537 656 1584 697 et

162 717 366 779 gravior,
402 717 450 762 in
479 734 572 781 quo
609 715 868 763 emittendo
897 731 1081 760 summa
1113 732 1228 780 opus
1266 723 1388 761 esset
1418 712 1587 760 virium

157 781 414 827 intentione
437 780 474 829 3.
543 782 692 841 Quem
738 781 818 846 qui
860 780 1069 827 omnium
1101 778 1371 844 longissime
1410 795 1585 843 propu-

153 845 307 905 lisset,
340 845 486 893 victor
510 863 535 892 e
563 849 820 894 certamine
859 844 1055 893 redibat.
1120 845 1380 893 Constituta
1431 853 1587 904 autem

158 920 289 958 erant
321 911 609 959 certantibus
645 921 802 974 σήματα
823 949 834 968 ,
879 913 930 964 οἷς
977 917 1206 972 ἐσημειοῦντο
1245 923 1312 958 ποῦ
1346 919 1363 958 ὁ
1395 913 1516 963 δι’σκος
1552 914 1588 955 ἐν

158 985 288 1040 πρώτῃ
329 980 525 1041 καταφορᾷ
559 977 692 1025 ’έπεσεν
714 977 757 1026 4.
821 975 952 1022 Disci
998 979 1125 1038 jactu
1161 977 1395 1024 Phaeaces
1424 990 1590 1022 omnes

157 1043 391 1109 superavit
420 1042 613 1109 Ulysses
632 1081 644 1102 ‚
678 1045 809 1107 cujus
831 1042 1004 1107 quippe
1032 1043 1154 1096 δίσκος

299 1141 708 1156 .........
743 1114 954 1169 ὑπέρπτατο
985 1116 1142 1168 σήματα
1171 1115 1321 1154 πάντων

285 1173 428 1235 Ῥίμφα
455 1177 545 1219 θέων
571 1176 644 1218 ἀπὸ
665 1179 809 1235 χειρός·
844 1171 956 1227 ἔθηκε
988 1175 1028 1221 δὲ
1055 1171 1212 1237 τέρματ’
1236 1169 1410 1232 Ἀθήνη,

284 1235 411 1300 Ἀνδρὶ
440 1239 557 1300 δέμας
585 1243 722 1284 εἰκυῖα·
751 1237 791 1285 5.

153 1319 295 1369 quem
318 1304 505 1367 quantis
547 1302 726 1352 viribus
753 1301 992 1361 emiserit,
1030 1301 1177 1368 ipsius
1222 1303 1394 1352 Poetae
1427 1300 1585 1352 verbis

155 1367 418 1434 ¹accipiatis:

279 1437 486 1495 Βόμβησεν
507 1435 546 1480 δὲ
586 1437 707 1487 λίθος·
745 1439 845 1480 κατὰ
869 1431 907 1480 δ’
930 1434 1100 1488 ἔπτηξαν
1125 1437 1207 1481 ποτὶ
1230 1442 1318 1498 γαίῃ

284 1503 448 1554 Φαίηκες
471 1501 760 1563 δολιχήρετμοι,
794 1503 1028 1547 ναυσίκλυτοι
1049 1499 1206 1563 ἄνδρες,

283 1566 389 1618 Λᾶος
425 1571 515 1611 ὑπαὶ
549 1569 685 1628 ῥιπῆς·
712 1564 750 1611 5.

151 1627 191 1674 A
212 1627 339 1677 disco
357 1629 460 1677 σόλον
476 1631 539 1677 ita
556 1629 746 1677 differre
766 1632 901 1694 ajunt
914 1666 926 1689 ‚
961 1639 1013 1676 ut
1030 1630 1156 1696 prior
1186 1632 1247 1678 sit
1271 1648 1330 1678 ex
1348 1647 1455 1679 saxo
1473 1650 1583 1697 per-

150 1695 299 1742 forato
315 1734 326 1754 ‚
363 1711 422 1743 ex
447 1712 550 1743 aere
565 1695 638 1743 vel
660 1697 780 1743 ferro
799 1698 1026 1760 posterior
1041 1733 1052 1754 ‚
1090 1697 1170 1762 qui
1191 1698 1241 1744 in
1262 1697 1423 1744 orbem
1439 1699 1584 1745 rotari

153 1762 298 1824 possit
323 1772 359 1808 7.
427 1761 518 1808 Alii
535 1798 546 1820 ‚
574 1764 696 1816 δίσκος
713 1799 724 1821 ,
762 1762 985 1826 inquiUnt
1003 1799 1014 1820 ,
1051 1766 1192 1816 πλατύς
1215 1768 1294 1810 ἐστι
1317 1770 1381 1809 καί
1408 1768 1581 1811 κυκλοτε-

154 1835 221 1888 ρής
239 1864 250 1882 ,
284 1835 302 1873 ὁ
324 1827 363 1873 δὲ
388 1831 489 1880 σόλος
512 1831 728 1889 στρογγύλος
758 1831 820 1872 καὶ
852 1828 1080 1891 σφαιιωειδῆς
1103 1828 1139 1874 8.
1208 1833 1312 1892 EQ>
1342 1830 1394 1875 in
1416 1831 1583 1876 Patro-

155 1890 216 1937 cli
234 1893 395 1939 funere
413 1900 650 1938 certarunt
676 1891 952 1957 Polypoetes
978 1901 1025 1938 et
1045 1895 1309 1954 Leonteus,
1345 1903 1447 1941 tum
1463 1896 1584 1962 Ajax

158 1965 205 2004 et
228 1959 415 2026 Epeiis,
451 1958 533 2024 qui
570 1961 673 2013 σάλος
711 1958 796 2005 fuit
829 1962 1049 2022 αύτοχόωνος
1073 1969 1125 2017 9,
1158 1959 1271 2007 ferri
1311 1978 1461 2009 massa
1487 1979 1585 2010 non

1500 2046 1584 2094 po-

152 2170 156 2174 ’
201 2166 241 2211 1)
265 2167 309 2204 Il.
341 2168 426 2212 XV,
451 2169 518 2204 683
548 2179 621 2213 seq.
749 2168 787 2212 α)
814 2167 868 2202 Ita
899 2168 1061 2205 Eustath.
1095 2168 1137 2203 ad
1172 2169 1236 2206 Od.
1262 2169 1332 2217 IV,
1358 2172 1434 2208 626.
1470 2171 1583 2218 VIII,

158 2233 226 2267 190
248 2235 319 2268 seq.
344 2231 379 2257 et
402 2222 445 2259 ΙΙ.
470 2222 530 2267 11,
555 2226 634 2268 774.
752 2223 790 2266 3)
818 2222 898 2255 vid.
924 2222 986 2261 Od,
1010 2223 1119 2268 VIII,
1145 2226 1209 2260 186
1232 2237 1325 2271 seqq.
1442 2227 1481 2270 4)
1507 2228 1584 2261 Eu-

158 2277 264 2314 stath.
299 2278 341 2312 ad
375 2277 438 2314 Od.
479 2277 519 2311 L.
552 2275 578 2312 l.
611 2288 659 2313 vs,
694 2288 758 2321 192
791 2289 864 2323 seq·
1017 2279 1056 2321 5)
1082 2278 1146 2315 od.
1177 2279 1216 2315 L.
1253 2280 1276 2316 l.
1311 2293 1360 2317 vs.
1387 2293 1451 2325 ¹92
1483 2294 1578 2328 seqq,

157 2332 197 2376 6)
221 2331 285 2369 Od.
310 2332 350 2368 L.
374 2333 397 2368 l.
423 2344 471 2370 vs.
498 2345 560 2377 190
585 2343 679 2377 seqq.
723 2330 782 2368 Vs.
809 2333 896 2375 136,
924 2332 1081 2377 Ulysses,
1112 2333 1226 2380 inquit
1248 2335 1445 2380 Homerus,
1481 2337 1583 2383 αὐτῷ

158 2388 265 2430 φάρει
305 2384 454 2424 ἀναΐξας
495 2387 589 2428 λάβε
631 2387 757 2419 δίσκον
776 2414 788 2432 ,
835 2385 923 2420 unde
961 2387 1134 2422 Phaeacas
1185 2391 1407 2432 ἡμιγὺμτοι·ς
1450 2390 1584 2426 discum

159 2441 314 2476 emisisse
348 2442 542 2486 suspicatur
580 2440 795 2477 Eustathius.
947 2441 984 2488 7)
1015 2442 1090 2482 Vid,
1128 2444 1241 2490 Heyn.
1279 2445 1364 2478 Var.
1399 2446 1510 2480 Lectt.
1542 2455 1581 2484 et

156 2495 299 2531 observ.
324 2495 365 2528 ad
389 2495 433 2528 ΙΙ.
458 2495 517 2536 ΙΙ,
543 2498 620 2542 774.
668 2495 780 2542 Κϋρρ.
811 2495 854 2530 ad
887 2495 930 2532 Il.
956 2496 1090 2541 XXIII,
1113 2500 1190 2535 826.
1237 2499 1402 2533 Valcken.
1427 2500 1469 2534 ad
1493 2502 1582 2536 Am-

156 2562 249 2585 mon.
275 2549 316 2582 de
340 2549 424 2586 Diff.
457 2562 574 2584 vocum
600 2561 676 2595 pag.
701 2552 758 2584 60·
866 2551 905 2594 8)
930 2549 1045 2588 Schol.
1070 2554 1111 2588 A.
1137 2552 1180 2589 D.
1206 2552 1249 2587 ad
1273 2553 1314 2588 Il.
1340 2554 1476 2598 XXIII,
1500 2558 1580 2594 826.

158 2603 197 2649 9)
223 2603 302 2639 Vid.
333 2602 376 2641 ll.
401 2604 426 2640 1.
448 2604 474 2640 l.
520 2604 575 2640 Cf.
601 2616 661 2638 nos
693 2603 730 2642 h.
753 2604 794 2642 L.
825 2616 857 2643 e.
884 2617 914 2643 ι.
940 2607 973 2653 §.
998 2607 1030 2644 5.
1055 2606 1139 2654 ibiq.
1158 2615 1233 2646 not.
1277 2607 1400 2656 Kupke
1424 2610 1488 2656 Op.
1513 2611 1576 2651 cit.

157 2669 193 2704 p·
218 2659 274 2705 67.
299 2666 335 2694 et.
356 2659 503 2707 Interpr.
525 2660 567 2694 ad
593 2656 636 2696 11.
654 2659 678 2696 l.
705 2657 732 2694 l.

1190 2720 1256 2757 34
