<?xml version="1.0" encoding="UTF-8"?>
<!DOCTYPE html PUBLIC "-//W3C//DTD XHTML 1.0 Transitional//EN"
    "http://www.w3.org/TR/xhtml1/DTD/xhtml1-transitional.dtd">
<html xmlns="http://www.w3.org/1999/xhtml" xml:lang="en" lang="en">
 <head>
  <title>
</title>
<meta http-equiv="Content-Type" content="text/html;charset=utf-8" />
  <meta name='ocr-system' content='tesseract 3.04.00' />
  <meta name='ocr-capabilities' content='ocr_page ocr_carea ocr_par ocr_line ocrx_word'/>
</head>
<body>
  <div class='ocr_page' id='page_1' title='image "antiquitashomeri00terpuoft_0020.png"; bbox 0 0 1750 3116; ppageno 0'>
   <div class='ocr_carea' id='block_1_1' title="bbox 165 116 1205 178">
    <p class='ocr_par' dir='ltr' id='par_1_1' title="bbox 165 116 1205 178">
     <span class='ocr_line' id='line_1_1' title="bbox 165 116 1205 178; baseline 0.001 -11"><span class='ocrx_word' id='word_1_1' title='bbox 165 136 274 168; x_wconf 52' lang='lat' dir='ltr'>svm</span> <span class='ocrx_word' id='word_1_2' title='bbox 530 116 1205 178; x_wconf 61' lang='lat' dir='ltr'><strong>PROOEMIUM.</strong></span> 
     </span>
    </p>
   </div>
   <div class='ocr_carea' id='block_1_2' title="bbox 169 246 1668 2408">
    <p class='ocr_par' dir='ltr' id='par_1_2' title="bbox 169 246 1642 847">
     <span class='ocr_line' id='line_1_2' title="bbox 170 246 1581 315; baseline 0.003 -17"><span class='ocrx_word' id='word_1_3' title='bbox 170 257 459 298; x_wconf 79' lang='lat' dir='ltr'>exerceretur</span> <span class='ocrx_word' id='word_1_4' title='bbox 482 246 629 305; x_wconf 88' lang='lat' dir='ltr'>liber,</span> <span class='ocrx_word' id='word_1_5' title='bbox 665 266 802 312; x_wconf 86' lang='lat' dir='ltr'>quem</span> <span class='ocrx_word' id='word_1_6' title='bbox 835 249 1043 308; x_wconf 77' lang='lat' dir='ltr'>edimus,</span> <span class='ocrx_word' id='word_1_7' title='bbox 1079 261 1223 299; x_wconf 83' lang='lat' dir='ltr'>exstat</span> <span class='ocrx_word' id='word_1_8' title='bbox 1266 251 1403 315; x_wconf 82' lang='lat' dir='ltr'>igitur</span> <span class='ocrx_word' id='word_1_9' title='bbox 1437 254 1581 303; x_wconf 60' lang='grc' dir='ltr'>ΕΠ,</span> 
     </span>
     <span class='ocr_line' id='line_1_3' title="bbox 169 325 1581 395; baseline 0.004 -20"><span class='ocrx_word' id='word_1_10' title='bbox 169 330 394 376; x_wconf 70' lang='lat' dir='ltr'>Petersen</span> <span class='ocrx_word' id='word_1_11' title='bbox 427 325 633 372; x_wconf 89' lang='lat' dir='ltr'>Prolusio</span> <span class='ocrx_word' id='word_1_12' title='bbox 674 325 732 370; x_wconf 85' lang='lat' dir='ltr'>de</span> <span class='ocrx_word' id='word_1_13' title='bbox 760 335 881 371; x_wconf 82' lang='lat' dir='ltr'>statu</span> <span class='ocrx_word' id='word_1_14' title='bbox 921 328 1151 387; x_wconf 78' lang='lat' dir='ltr'>culturae,</span> <span class='ocrx_word' id='word_1_15' title='bbox 1185 331 1331 395; x_wconf 84' lang='lat' dir='ltr'>qualis</span> <span class='ocrx_word' id='word_1_16' title='bbox 1357 333 1581 381; x_wconf 80' lang='lat' dir='ltr'>aetatibus</span> 
     </span>
     <span class='ocr_line' id='line_1_4' title="bbox 175 403 1582 476; baseline 0.004 -24"><span class='ocrx_word' id='word_1_17' title='bbox 175 405 431 452; x_wconf 85' lang='lat' dir='ltr'>Homericis</span> <span class='ocrx_word' id='word_1_18' title='bbox 463 403 588 467; x_wconf 87' lang='lat' dir='ltr'>apud</span> <span class='ocrx_word' id='word_1_19' title='bbox 618 405 814 450; x_wconf 62' lang='lat' dir='ltr'>Graecos</span> <span class='ocrx_word' id='word_1_20' title='bbox 845 405 983 452; x_wconf 81' lang='lat' dir='ltr'>fuerit</span> <span class='ocrx_word' id='word_1_21' title='bbox 1008 418 1023 441; x_wconf 85' lang='lat'>1</span> <span class='ocrx_word' id='word_1_22' title='bbox 1043 444 1055 464; x_wconf 80' lang='lat'>,</span> <span class='ocrx_word' id='word_1_23' title='bbox 1085 408 1133 454; x_wconf 91' lang='lat' dir='ltr'>in</span> <span class='ocrx_word' id='word_1_24' title='bbox 1159 427 1247 473; x_wconf 85' lang='lat' dir='ltr'>qua</span> <span class='ocrx_word' id='word_1_25' title='bbox 1269 412 1456 474; x_wconf 68' lang='lat' dir='ltr'>quidem</span> <span class='ocrx_word' id='word_1_26' title='bbox 1481 429 1582 476; x_wconf 86' lang='lat' dir='ltr'>pro-</span> 
     </span>
     <span class='ocr_line' id='line_1_5' title="bbox 175 480 1642 549; baseline 0.004 -19"><span class='ocrx_word' id='word_1_27' title='bbox 175 484 350 532; x_wconf 82' lang='lat' dir='ltr'><strong>lusione</strong></span> <span class='ocrx_word' id='word_1_28' title='bbox 382 492 543 530; x_wconf 81' lang='lat' dir='ltr'>auctor</span> <span class='ocrx_word' id='word_1_29' title='bbox 574 482 753 528; x_wconf 82' lang='lat' dir='ltr'>dudum</span> <span class='ocrx_word' id='word_1_30' title='bbox 796 483 884 530; x_wconf 83' lang='lat' dir='ltr'>sihi</span> <span class='ocrx_word' id='word_1_31' title='bbox 916 485 1204 548; x_wconf 86' lang='lat' dir='ltr'>propositum</span> <span class='ocrx_word' id='word_1_32' title='bbox 1234 487 1373 534; x_wconf 86' lang='lat' dir='ltr'>fuisse</span> <span class='ocrx_word' id='word_1_33' title='bbox 1404 490 1492 549; x_wconf 85' lang='lat' dir='ltr'>ait,</span> <span class='ocrx_word' id='word_1_34' title='bbox 1530 498 1583 535; x_wconf 88' lang='lat' dir='ltr'>ut</span> <span class='ocrx_word' id='word_1_35' title='bbox 1639 480 1642 484; x_wconf 45' lang='grc'>’</span> 
     </span>
     <span class='ocr_line' id='line_1_6' title="bbox 181 562 1588 628; baseline 0.002 -17"><span class='ocrx_word' id='word_1_36' title='bbox 181 564 503 628; x_wconf 79' lang='lat' dir='ltr'>antiquitatem</span> <span class='ocrx_word' id='word_1_37' title='bbox 539 562 861 618; x_wconf 73' lang='lat' dir='ltr'>Homericam,</span> <span class='ocrx_word' id='word_1_38' title='bbox 895 578 1012 626; x_wconf 83' lang='lat' dir='ltr'>quae</span> <span class='ocrx_word' id='word_1_39' title='bbox 1049 572 1150 626; x_wconf 81' lang='lat' dir='ltr'>post</span> <span class='ocrx_word' id='word_1_40' title='bbox 1179 565 1416 612; x_wconf 89' lang='lat' dir='ltr'>Feithium</span> <span class='ocrx_word' id='word_1_41' title='bbox 1448 568 1588 614; x_wconf 86' lang='lat' dir='ltr'>nimis</span> 
     </span>
     <span class='ocr_line' id='line_1_7' title="bbox 183 639 1592 704; baseline 0.002 -16"><span class='ocrx_word' id='word_1_42' title='bbox 183 642 389 704; x_wconf 61' lang='lat' dir='ltr'>neglecta</span> <span class='ocrx_word' id='word_1_43' title='bbox 418 644 608 703; x_wconf 82' lang='lat' dir='ltr'>jaceret,</span> <span class='ocrx_word' id='word_1_44' title='bbox 639 639 773 703; x_wconf 89' lang='lat' dir='ltr'>paulo</span> <span class='ocrx_word' id='word_1_45' title='bbox 809 640 1061 685; x_wconf 80' lang='lat' dir='ltr'>accuratius</span> <span class='ocrx_word' id='word_1_46' title='bbox 1092 639 1382 689; x_wconf 79' lang='lat' dir='ltr'>describeret.</span> <span class='ocrx_word' id='word_1_47' title='bbox 1452 643 1592 703; x_wconf 84' lang='lat' dir='ltr'>Quod</span> 
     </span>
     <span class='ocr_line' id='line_1_8' title="bbox 186 716 1595 782; baseline 0.004 -16"><span class='ocrx_word' id='word_1_48' title='bbox 186 722 286 767; x_wconf 76' lang='lat' dir='ltr'>Viri</span> <span class='ocrx_word' id='word_1_49' title='bbox 326 720 459 764; x_wconf 88' lang='lat' dir='ltr'>Doct.</span> <span class='ocrx_word' id='word_1_50' title='bbox 496 716 737 763; x_wconf 86' lang='lat' dir='ltr'>consilium</span> <span class='ocrx_word' id='word_1_51' title='bbox 772 726 822 763; x_wconf 80' lang='lat' dir='ltr'>ut</span> <span class='ocrx_word' id='word_1_52' title='bbox 854 717 997 764; x_wconf 79' lang='lat' dir='ltr'>laetus</span> <span class='ocrx_word' id='word_1_53' title='bbox 1034 722 1255 782; x_wconf 84' lang='lat' dir='ltr'>cognovi,</span> <span class='ocrx_word' id='word_1_54' title='bbox 1295 723 1359 769; x_wconf 86' lang='lat' dir='ltr'>ita</span> <span class='ocrx_word' id='word_1_55' title='bbox 1393 722 1595 771; x_wconf 86' lang='lat' dir='ltr'>necdum</span> 
     </span>
     <span class='ocr_line' id='line_1_9' title="bbox 189 796 1340 847; baseline 0.001 -2"><span class='ocrx_word' id='word_1_56' title='bbox 189 799 408 845; x_wconf 82' lang='lat' dir='ltr'>effectum</span> <span class='ocrx_word' id='word_1_57' title='bbox 442 814 537 843; x_wconf 88' lang='lat' dir='ltr'>esse</span> <span class='ocrx_word' id='word_1_58' title='bbox 573 796 667 841; x_wconf 89' lang='lat' dir='ltr'>mei</span> <span class='ocrx_word' id='word_1_59' title='bbox 700 811 833 842; x_wconf 82' lang='lat' dir='ltr'>causa</span> <span class='ocrx_word' id='word_1_60' title='bbox 862 796 1163 844; x_wconf 85' lang='lat' dir='ltr'>vehementer</span> <span class='ocrx_word' id='word_1_61' title='bbox 1193 797 1340 847; x_wconf 91' lang='lat' dir='ltr'>doleo.</span> 
     </span>
    </p>

    <p class='ocr_par' dir='ltr' id='par_1_3' title="bbox 192 872 1616 1408">
     <span class='ocr_line' id='line_1_10' title="bbox 255 872 1601 943; baseline 0.001 -21"><span class='ocrx_word' id='word_1_62' title='bbox 255 877 325 923; x_wconf 89' lang='lat' dir='ltr'>De</span> <span class='ocrx_word' id='word_1_63' title='bbox 354 876 556 922; x_wconf 82' lang='lat' dir='ltr'>oratione</span> <span class='ocrx_word' id='word_1_64' title='bbox 583 872 750 932; x_wconf 81' lang='lat' dir='ltr'>latina,</span> <span class='ocrx_word' id='word_1_65' title='bbox 784 892 875 939; x_wconf 87' lang='lat' dir='ltr'>qua</span> <span class='ocrx_word' id='word_1_66' title='bbox 897 874 1068 921; x_wconf 85' lang='lat' dir='ltr'>librum</span> <span class='ocrx_word' id='word_1_67' title='bbox 1093 879 1477 943; x_wconf 83' lang='lat' dir='ltr'>conscripsimus,</span> <span class='ocrx_word' id='word_1_68' title='bbox 1503 896 1601 926; x_wconf 86' lang='lat' dir='ltr'>non</span> 
     </span>
     <span class='ocr_line' id='line_1_11' title="bbox 192 951 1599 1020; baseline -0.002 -18"><span class='ocrx_word' id='word_1_69' title='bbox 192 955 288 1002; x_wconf 81' lang='lat' dir='ltr'>fere</span> <span class='ocrx_word' id='word_1_70' title='bbox 324 963 392 1000; x_wconf 88' lang='lat' dir='ltr'>est</span> <span class='ocrx_word' id='word_1_71' title='bbox 428 952 551 1017; x_wconf 84' lang='lat' dir='ltr'>quod</span> <span class='ocrx_word' id='word_1_72' title='bbox 590 951 766 998; x_wconf 81' lang='lat' dir='ltr'>dicam:</span> <span class='ocrx_word' id='word_1_73' title='bbox 803 969 939 999; x_wconf 85' lang='lat' dir='ltr'>suum</span> <span class='ocrx_word' id='word_1_74' title='bbox 968 955 1134 1020; x_wconf 88' lang='lat' dir='ltr'>cuique</span> <span class='ocrx_word' id='word_1_75' title='bbox 1167 965 1214 1002; x_wconf 84' lang='lat' dir='ltr'>et</span> <span class='ocrx_word' id='word_1_76' title='bbox 1245 974 1270 1002; x_wconf 85' lang='lat' dir='ltr'>a</span> <span class='ocrx_word' id='word_1_77' title='bbox 1302 957 1468 1002; x_wconf 84' lang='lat' dir='ltr'>ceteris</span> <span class='ocrx_word' id='word_1_78' title='bbox 1504 974 1599 1002; x_wconf 74' lang='lat' dir='ltr'>sac-</span> 
     </span>
     <span class='ocr_line' id='line_1_12' title="bbox 195 1028 1608 1098; baseline 0.001 -20"><span class='ocrx_word' id='word_1_79' title='bbox 195 1034 302 1097; x_wconf 87' lang='lat' dir='ltr'>pius</span> <span class='ocrx_word' id='word_1_80' title='bbox 334 1032 525 1077; x_wconf 81' lang='lat' dir='ltr'>omnino</span> <span class='ocrx_word' id='word_1_81' title='bbox 544 1028 777 1076; x_wconf 80' lang='lat' dir='ltr'>diversum</span> <span class='ocrx_word' id='word_1_82' title='bbox 809 1039 879 1077; x_wconf 86' lang='lat' dir='ltr'>est</span> <span class='ocrx_word' id='word_1_83' title='bbox 906 1031 964 1076; x_wconf 89' lang='lat' dir='ltr'>de</span> <span class='ocrx_word' id='word_1_84' title='bbox 999 1049 1049 1078; x_wconf 80' lang='lat' dir='ltr'>ca</span> <span class='ocrx_word' id='word_1_85' title='bbox 1071 1033 1312 1096; x_wconf 84' lang='lat' dir='ltr'>judicium.</span> <span class='ocrx_word' id='word_1_86' title='bbox 1379 1034 1476 1080; x_wconf 84' lang='lat' dir='ltr'>Nos</span> <span class='ocrx_word' id='word_1_87' title='bbox 1507 1034 1608 1098; x_wconf 88' lang='lat' dir='ltr'>qui·</span> 
     </span>
     <span class='ocr_line' id='line_1_13' title="bbox 199 1107 1610 1175; baseline 0 -18"><span class='ocrx_word' id='word_1_88' title='bbox 199 1111 308 1158; x_wconf 85' lang='lat' dir='ltr'>dem</span> <span class='ocrx_word' id='word_1_89' title='bbox 339 1127 435 1156; x_wconf 91' lang='lat' dir='ltr'>non</span> <span class='ocrx_word' id='word_1_90' title='bbox 470 1107 717 1155; x_wconf 78' lang='lat' dir='ltr'>verborum</span> <span class='ocrx_word' id='word_1_91' title='bbox 748 1108 905 1155; x_wconf 87' lang='lat' dir='ltr'>fucum</span> <span class='ocrx_word' id='word_1_92' title='bbox 943 1118 990 1155; x_wconf 84' lang='lat' dir='ltr'>et</span> <span class='ocrx_word' id='word_1_93' title='bbox 1021 1120 1236 1157; x_wconf 78' lang='lat' dir='ltr'>ornatum</span> <span class='ocrx_word' id='word_1_94' title='bbox 1270 1110 1610 1175; x_wconf 70' lang='lat' dir='ltr'>secLsimplici-</span> 
     </span>
     <span class='ocr_line' id='line_1_14' title="bbox 198 1188 1606 1252; baseline 0 -18"><span class='ocrx_word' id='word_1_95' title='bbox 198 1199 340 1236; x_wconf 83' lang='lat' dir='ltr'>tatem</span> <span class='ocrx_word' id='word_1_96' title='bbox 379 1198 426 1234; x_wconf 76' lang='lat' dir='ltr'>et</span> <span class='ocrx_word' id='word_1_97' title='bbox 461 1188 839 1252; x_wconf 79' lang='lat' dir='ltr'>perspicuitatem</span> <span class='ocrx_word' id='word_1_98' title='bbox 874 1188 1032 1235; x_wconf 80' lang='lat' dir='ltr'>sectati</span> <span class='ocrx_word' id='word_1_99' title='bbox 1065 1206 1221 1235; x_wconf 88' lang='lat' dir='ltr'>sumus</span> <span class='ocrx_word' id='word_1_100' title='bbox 1242 1226 1254 1246; x_wconf 88' lang='lat'><strong>‚</strong></span> <span class='ocrx_word' id='word_1_101' title='bbox 1302 1188 1606 1235; x_wconf 84' lang='lat' dir='ltr'>Schelleriani</span> 
     </span>
     <span class='ocr_line' id='line_1_15' title="bbox 202 1266 1616 1334; baseline 0 -20"><span class='ocrx_word' id='word_1_102' title='bbox 202 1267 443 1334; x_wconf 85' lang='lat' dir='ltr'>praecepti</span> <span class='ocrx_word' id='word_1_103' title='bbox 471 1283 702 1313; x_wconf 77' lang='lat' dir='ltr'>memores</span> <span class='ocrx_word' id='word_1_104' title='bbox 719 1304 730 1324; x_wconf 89' lang='lat'>‚</span> <span class='ocrx_word' id='word_1_105' title='bbox 756 1284 875 1331; x_wconf 86' lang='lat' dir='ltr'>quo,</span> <span class='ocrx_word' id='word_1_106' title='bbox 903 1267 952 1312; x_wconf 89' lang='lat' dir='ltr'>in</span> <span class='ocrx_word' id='word_1_107' title='bbox 981 1266 1111 1314; x_wconf 81' lang='lat' dir='ltr'>libris</span> <span class='ocrx_word' id='word_1_108' title='bbox 1135 1266 1374 1314; x_wconf 84' lang='lat' dir='ltr'>didacticis</span> <span class='ocrx_word' id='word_1_109' title='bbox 1394 1306 1404 1325; x_wconf 89' lang='lat'>‚</span> <span class='ocrx_word' id='word_1_110' title='bbox 1440 1268 1616 1333; x_wconf 70' lang='lat' dir='ltr'>inquit,</span> 
     </span>
     <span class='ocr_line' id='line_1_16' title="bbox 209 1345 1503 1408; baseline -0.002 -13"><span class='ocrx_word' id='word_1_111' title='bbox 209 1364 306 1395; x_wconf 85' lang='lat' dir='ltr'>non</span> <span class='ocrx_word' id='word_1_112' title='bbox 330 1357 424 1394; x_wconf 84' lang='lat' dir='ltr'>tam</span> <span class='ocrx_word' id='word_1_113' title='bbox 454 1346 592 1392; x_wconf 62' lang='lat' dir='ltr'>refert</span> <span class='ocrx_word' id='word_1_114' title='bbox 621 1353 814 1390; x_wconf 77' lang='lat' dir='ltr'>venuste</span> <span class='ocrx_word' id='word_1_115' title='bbox 841 1361 978 1408; x_wconf 85' lang='lat' dir='ltr'>quam</span> <span class='ocrx_word' id='word_1_116' title='bbox 1009 1345 1255 1408; x_wconf 81' lang='lat' dir='ltr'>perspicue</span> <span class='ocrx_word' id='word_1_117' title='bbox 1285 1346 1503 1394; x_wconf 81' lang='lat' dir='ltr'>scribere.</span> 
     </span>
    </p>

    <p class='ocr_par' dir='ltr' id='par_1_4' title="bbox 212 1422 1634 1800">
     <span class='ocr_line' id='line_1_17' title="bbox 276 1422 1624 1487; baseline 0.001 -15"><span class='ocrx_word' id='word_1_118' title='bbox 276 1427 405 1472; x_wconf 88' lang='lat' dir='ltr'>Haec</span> <span class='ocrx_word' id='word_1_119' title='bbox 431 1433 561 1481; x_wconf 81' lang='lat' dir='ltr'>sunt,</span> <span class='ocrx_word' id='word_1_120' title='bbox 590 1424 644 1470; x_wconf 85' lang='lat' dir='ltr'>B.</span> <span class='ocrx_word' id='word_1_121' title='bbox 664 1425 716 1469; x_wconf 92' lang='lat' dir='ltr'>L.</span> <span class='ocrx_word' id='word_1_122' title='bbox 734 1461 744 1481; x_wconf 82' lang='lat'>,</span> <span class='ocrx_word' id='word_1_123' title='bbox 774 1439 888 1486; x_wconf 82' lang='lat' dir='ltr'>quae</span> <span class='ocrx_word' id='word_1_124' title='bbox 910 1422 1158 1487; x_wconf 82' lang='lat' dir='ltr'>praefanda</span> <span class='ocrx_word' id='word_1_125' title='bbox 1180 1422 1335 1471; x_wconf 87' lang='lat' dir='ltr'>habui.</span> <span class='ocrx_word' id='word_1_126' title='bbox 1383 1424 1511 1484; x_wconf 83' lang='lat' dir='ltr'>Quid</span> <span class='ocrx_word' id='word_1_127' title='bbox 1535 1424 1624 1473; x_wconf 85' lang='lat' dir='ltr'>hoc</span> 
     </span>
     <span class='ocr_line' id='line_1_18' title="bbox 212 1502 1623 1568; baseline -0.002 -15"><span class='ocrx_word' id='word_1_128' title='bbox 212 1505 332 1554; x_wconf 82' lang='lat' dir='ltr'>libro</span> <span class='ocrx_word' id='word_1_129' title='bbox 363 1518 660 1568; x_wconf 75' lang='lat' dir='ltr'>sequeremur</span> <span class='ocrx_word' id='word_1_130' title='bbox 687 1502 1021 1547; x_wconf 72' lang='lat' dir='ltr'>enarravimus:</span> <span class='ocrx_word' id='word_1_131' title='bbox 1047 1509 1202 1547; x_wconf 88' lang='lat' dir='ltr'>utrum</span> <span class='ocrx_word' id='word_1_132' title='bbox 1227 1504 1420 1550; x_wconf 75' lang='lat' dir='ltr'>assecuti</span> <span class='ocrx_word' id='word_1_133' title='bbox 1453 1505 1623 1563; x_wconf 85' lang='lat' dir='ltr'>simus,</span> 
     </span>
     <span class='ocr_line' id='line_1_19' title="bbox 215 1577 1628 1650; baseline 0 -21"><span class='ocrx_word' id='word_1_134' title='bbox 215 1593 266 1631; x_wconf 84' lang='lat' dir='ltr'>tu</span> <span class='ocrx_word' id='word_1_135' title='bbox 299 1583 491 1650; x_wconf 78' lang='lat' dir='ltr'>judices,</span> <span class='ocrx_word' id='word_1_136' title='bbox 559 1580 632 1625; x_wconf 86' lang='lat' dir='ltr'>Me</span> <span class='ocrx_word' id='word_1_137' title='bbox 669 1577 882 1643; x_wconf 79' lang='lat' dir='ltr'>quidem,</span> <span class='ocrx_word' id='word_1_138' title='bbox 917 1580 954 1625; x_wconf 88' lang='lat' dir='ltr'>si</span> <span class='ocrx_word' id='word_1_139' title='bbox 992 1577 1050 1625; x_wconf 88' lang='lat' dir='ltr'>ad</span> <span class='ocrx_word' id='word_1_140' title='bbox 1075 1580 1333 1626; x_wconf 87' lang='lat' dir='ltr'>Homerum</span> <span class='ocrx_word' id='word_1_141' title='bbox 1366 1597 1473 1627; x_wconf 87' lang='lat' dir='ltr'>cum</span> <span class='ocrx_word' id='word_1_142' title='bbox 1505 1582 1628 1630; x_wconf 88' lang='lat' dir='ltr'>utili·</span> 
     </span>
     <span class='ocr_line' id='line_1_20' title="bbox 216 1655 1631 1719; baseline -0.001 -10"><span class='ocrx_word' id='word_1_143' title='bbox 216 1664 324 1709; x_wconf 78' lang='lat' dir='ltr'>tatis</span> <span class='ocrx_word' id='word_1_144' title='bbox 351 1669 396 1707; x_wconf 83' lang='lat' dir='ltr'>et</span> <span class='ocrx_word' id='word_1_145' title='bbox 427 1658 663 1707; x_wconf 71' lang='lat' dir='ltr'>suavitatis</span> <span class='ocrx_word' id='word_1_146' title='bbox 696 1656 848 1702; x_wconf 72' lang='lat' dir='ltr'>fructu</span> <span class='ocrx_word' id='word_1_147' title='bbox 882 1655 1128 1719; x_wconf 87' lang='lat' dir='ltr'>legendum</span> <span class='ocrx_word' id='word_1_148' title='bbox 1153 1667 1199 1704; x_wconf 76' lang='lat' dir='ltr'>et</span> <span class='ocrx_word' id='word_1_149' title='bbox 1230 1657 1291 1704; x_wconf 82' lang='lat' dir='ltr'>ad</span> <span class='ocrx_word' id='word_1_150' title='bbox 1321 1668 1517 1706; x_wconf 80' lang='lat' dir='ltr'>aetatem</span> <span class='ocrx_word' id='word_1_151' title='bbox 1548 1660 1631 1707; x_wconf 85' lang='lat' dir='ltr'>he-</span> 
     </span>
     <span class='ocr_line' id='line_1_21' title="bbox 221 1735 1634 1800; baseline -0.002 -12"><span class='ocrx_word' id='word_1_152' title='bbox 221 1741 397 1788; x_wconf 82' lang='lat' dir='ltr'>roicam</span> <span class='ocrx_word' id='word_1_153' title='bbox 438 1736 497 1783; x_wconf 87' lang='lat' dir='ltr'>ab</span> <span class='ocrx_word' id='word_1_154' title='bbox 540 1735 666 1782; x_wconf 84' lang='lat' dir='ltr'>omni</span> <span class='ocrx_word' id='word_1_155' title='bbox 710 1743 838 1799; x_wconf 80' lang='lat' dir='ltr'>parte</span> <span class='ocrx_word' id='word_1_156' title='bbox 884 1735 1071 1798; x_wconf 79' lang='lat' dir='ltr'>penitus</span> <span class='ocrx_word' id='word_1_157' title='bbox 1120 1736 1497 1800; x_wconf 76' lang='lat' dir='ltr'>percipiendam,</span> <span class='ocrx_word' id='word_1_158' title='bbox 1543 1738 1634 1786; x_wconf 88' lang='lat' dir='ltr'>hoc</span> 
     </span>
    </p>

    <p class='ocr_par' dir='ltr' id='par_1_5' title="bbox 204 1812 1645 2032">
     <span class='ocr_line' id='line_1_22' title="bbox 228 1812 1635 1883; baseline -0.001 -19"><span class='ocrx_word' id='word_1_159' title='bbox 228 1817 539 1883; x_wconf 77' lang='lat' dir='ltr'>qualicunque</span> <span class='ocrx_word' id='word_1_160' title='bbox 579 1830 716 1877; x_wconf 85' lang='lat' dir='ltr'>opere</span> <span class='ocrx_word' id='word_1_161' title='bbox 763 1822 919 1859; x_wconf 81' lang='lat' dir='ltr'>nostro</span> <span class='ocrx_word' id='word_1_162' title='bbox 959 1812 1249 1878; x_wconf 82' lang='lat' dir='ltr'>aliquantum</span> <span class='ocrx_word' id='word_1_163' title='bbox 1291 1817 1521 1878; x_wconf 80' lang='lat' dir='ltr'>juventuti</span> <span class='ocrx_word' id='word_1_164' title='bbox 1559 1834 1635 1863; x_wconf 87' lang='lat' dir='ltr'>me</span> 
     </span>
     <span class='ocr_line' id='line_1_23' title="bbox 232 1890 1645 1962; baseline -0.003 -18"><span class='ocrx_word' id='word_1_165' title='bbox 232 1897 457 1962; x_wconf 82' lang='lat' dir='ltr'>profuisse</span> <span class='ocrx_word' id='word_1_166' title='bbox 487 1892 784 1948; x_wconf 71' lang='lat' dir='ltr'>intellexem,</span> <span class='ocrx_word' id='word_1_167' title='bbox 826 1907 991 1954; x_wconf 81' lang='lat' dir='ltr'>operae</span> <span class='ocrx_word' id='word_1_168' title='bbox 1029 1890 1152 1936; x_wconf 81' lang='lat' dir='ltr'>haud</span> <span class='ocrx_word' id='word_1_169' title='bbox 1197 1909 1397 1957; x_wconf 78' lang='lat' dir='ltr'>unquam</span> <span class='ocrx_word' id='word_1_170' title='bbox 1436 1895 1645 1956; x_wconf 85' lang='lat' dir='ltr'>poenite-</span> 
     </span>
     <span class='ocr_line' id='line_1_24' title="bbox 204 1968 1644 2032; baseline -0.001 -12"><span class='ocrx_word' id='word_1_171' title='bbox 204 1976 316 2030; x_wconf 74' lang='lat' dir='ltr'>vbit.</span> <span class='ocrx_word' id='word_1_172' title='bbox 384 1971 629 2019; x_wconf 84' lang='lat' dir='ltr'>Verissima</span> <span class='ocrx_word' id='word_1_173' title='bbox 664 1968 836 2015; x_wconf 80' lang='lat' dir='ltr'>scilicet</span> <span class='ocrx_word' id='word_1_174' title='bbox 861 1977 997 2023; x_wconf 82' lang='lat' dir='ltr'>sunt,</span> <span class='ocrx_word' id='word_1_175' title='bbox 1035 1986 1158 2032; x_wconf 11' lang='lat' dir='ltr'>quae*</span> <span class='ocrx_word' id='word_1_176' title='bbox 1183 1971 1364 2016; x_wconf 84' lang='lat' dir='ltr'>monuit</span> <span class='ocrx_word' id='word_1_177' title='bbox 1409 1971 1644 2019; x_wconf 77' lang='lat' dir='ltr'>Heusdius</span> 
     </span>
    </p>

    <p class='ocr_par' dir='ltr' id='par_1_6' title="bbox 232 2046 1646 2115">
     <span class='ocr_line' id='line_1_25' title="bbox 232 2046 1646 2115; baseline -0.001 -18"><span class='ocrx_word' id='word_1_178' title='bbox 232 2056 324 2101; x_wconf 70' lang='lat' dir='ltr'>Vir</span> <span class='ocrx_word' id='word_1_179' title='bbox 359 2052 426 2100; x_wconf 92' lang='lat' dir='ltr'>Cl.</span> <span class='ocrx_word' id='word_1_180' title='bbox 448 2089 460 2109; x_wconf 87' lang='lat'>,</span> <span class='ocrx_word' id='word_1_181' title='bbox 508 2049 788 2112; x_wconf 81' lang='lat' dir='ltr'>Praeceptor</span> <span class='ocrx_word' id='word_1_182' title='bbox 829 2046 1087 2092; x_wconf 76' lang='lat' dir='ltr'>carissimus</span> <span class='ocrx_word' id='word_1_183' title='bbox 1117 2065 1126 2092; x_wconf 92' lang='lat'>:</span> <span class='ocrx_word' id='word_1_184' title='bbox 1177 2068 1202 2092; x_wconf 75' lang='lat'>&gt;2</span> <span class='ocrx_word' id='word_1_185' title='bbox 1233 2047 1420 2113; x_wconf 52' lang='lat' dir='ltr'>Seque,</span> <span class='ocrx_word' id='word_1_186' title='bbox 1467 2050 1646 2115; x_wconf 85' lang='lat' dir='ltr'>inquit,</span> 
     </span>
    </p>

    <p class='ocr_par' dir='ltr' id='par_1_7' title="bbox 236 2125 1649 2197">
     <span class='ocr_line' id='line_1_26' title="bbox 236 2125 1649 2197; baseline -0.004 -19"><span class='ocrx_word' id='word_1_187' title='bbox 236 2156 264 2180; x_wconf 78' lang='grc'>))</span> <span class='ocrx_word' id='word_1_188' title='bbox 304 2136 477 2197; x_wconf 72' lang='lat' dir='ltr'>justum</span> <span class='ocrx_word' id='word_1_189' title='bbox 518 2125 659 2173; x_wconf 84' lang='lat' dir='ltr'>studii</span> <span class='ocrx_word' id='word_1_190' title='bbox 706 2127 906 2173; x_wconf 81' lang='lat' dir='ltr'>fructum</span> <span class='ocrx_word' id='word_1_191' title='bbox 948 2142 1002 2170; x_wconf 83' lang='lat' dir='ltr'>ex</span> <span class='ocrx_word' id='word_1_192' title='bbox 1042 2125 1338 2190; x_wconf 83' lang='lat' dir='ltr'>antiquorum</span> <span class='ocrx_word' id='word_1_193' title='bbox 1370 2128 1649 2191; x_wconf 79' lang='lat' dir='ltr'>scriptorum</span> 
     </span>
    </p>

    <p class='ocr_par' dir='ltr' id='par_1_8' title="bbox 239 2204 1648 2270">
     <span class='ocr_line' id='line_1_27' title="bbox 239 2204 1648 2270; baseline -0.004 -12"><span class='ocrx_word' id='word_1_194' title='bbox 239 2234 266 2259; x_wconf 84' lang='lat'>))</span> <span class='ocrx_word' id='word_1_195' title='bbox 305 2209 506 2256; x_wconf 77' lang='lat' dir='ltr'>lectione</span> <span class='ocrx_word' id='word_1_196' title='bbox 538 2222 702 2270; x_wconf 85' lang='lat' dir='ltr'>capere</span> <span class='ocrx_word' id='word_1_197' title='bbox 735 2205 791 2251; x_wconf 89' lang='lat' dir='ltr'>iis</span> <span class='ocrx_word' id='word_1_198' title='bbox 827 2204 964 2261; x_wconf 80' lang='lat' dir='ltr'>licet,</span> <span class='ocrx_word' id='word_1_199' title='bbox 999 2205 1079 2268; x_wconf 87' lang='lat' dir='ltr'>qui</span> <span class='ocrx_word' id='word_1_200' title='bbox 1113 2205 1199 2250; x_wconf 81' lang='lat' dir='ltr'>etsi</span> <span class='ocrx_word' id='word_1_201' title='bbox 1239 2204 1391 2269; x_wconf 76' lang='lat' dir='ltr'>aliqua</span> <span class='ocrx_word' id='word_1_202' title='bbox 1434 2205 1648 2253; x_wconf 73' lang='lat' dir='ltr'>instructi</span> 
     </span>
    </p>

    <p class='ocr_par' dir='ltr' id='par_1_9' title="bbox 240 2283 1655 2351">
     <span class='ocr_line' id='line_1_28' title="bbox 240 2283 1655 2351; baseline -0.004 -15"><span class='ocrx_word' id='word_1_203' title='bbox 240 2313 266 2339; x_wconf 72' lang='lat' dir='ltr'>n</span> <span class='ocrx_word' id='word_1_204' title='bbox 308 2287 659 2351; x_wconf 78' lang='lat' dir='ltr'>antiquitatum,</span> <span class='ocrx_word' id='word_1_205' title='bbox 677 2300 794 2348; x_wconf 77' lang='lat' dir='ltr'>quae</span> <span class='ocrx_word' id='word_1_206' title='bbox 822 2290 1067 2341; x_wconf 80' lang='lat' dir='ltr'>vocantur,</span> <span class='ocrx_word' id='word_1_207' title='bbox 1094 2284 1377 2346; x_wconf 76' lang='lat' dir='ltr'>cognitione,</span> <span class='ocrx_word' id='word_1_208' title='bbox 1406 2292 1559 2331; x_wconf 81' lang='lat' dir='ltr'>tamen</span> <span class='ocrx_word' id='word_1_209' title='bbox 1595 2283 1655 2330; x_wconf 80' lang='lat' dir='ltr'>ad</span> 
     </span>
    </p>

    <p class='ocr_par' dir='ltr' id='par_1_10' title="bbox 1533 2361 1668 2408">
     <span class='ocr_line' id='line_1_29' title="bbox 1533 2361 1668 2408; baseline 0.007 -1"><span class='ocrx_word' id='word_1_210' title='bbox 1533 2384 1559 2408; x_wconf 87' lang='lat'>»</span> <span class='ocrx_word' id='word_1_211' title='bbox 1598 2361 1668 2408; x_wconf 74' lang='lat' dir='ltr'>le·</span> 
     </span>
    </p>
   </div>
   <div class='ocr_carea' id='block_1_3' title="bbox 310 2506 1267 2568">
    <p class='ocr_par' dir='ltr' id='par_1_11' title="bbox 310 2506 1267 2568">
     <span class='ocr_line' id='line_1_30' title="bbox 310 2506 1267 2568; baseline -0.008 -15"><span class='ocrx_word' id='word_1_212' title='bbox 310 2513 352 2568; x_wconf 68' lang='lat'>²1)</span> <span class='ocrx_word' id='word_1_213' title='bbox 382 2513 479 2551; x_wconf 71' lang='lat' dir='ltr'>Eam</span> <span class='ocrx_word' id='word_1_214' title='bbox 509 2509 622 2548; x_wconf 76' lang='lat' dir='ltr'>dedit</span> <span class='ocrx_word' id='word_1_215' title='bbox 649 2510 792 2547; x_wconf 73' lang='lat' dir='ltr'>Auctor</span> <span class='ocrx_word' id='word_1_216' title='bbox 816 2507 994 2545; x_wconf 76' lang='lat' dir='ltr'>Hauniao</span> <span class='ocrx_word' id='word_1_217' title='bbox 1023 2520 1124 2545; x_wconf 72' lang='lat' dir='ltr'>auno</span> <span class='ocrx_word' id='word_1_218' title='bbox 1158 2506 1267 2546; x_wconf 65' lang='lat'>1326.</span> 
     </span>
    </p>
   </div>
  </div>
 </body>
</html>
