1729 3112
165 99 245 128 vm
554 80 1215 130 PROOEMIUM.

171 207 527 274 antiquitatibus
559 210 820 259 Homericis
872 208 989 258 liber
1041 210 1276 275 egregius,
1326 225 1411 276 per
1443 224 1584 274 quem

173 305 274 336 eam
301 304 409 334 cum
434 287 640 335 Homero
665 292 855 354 ejusque
884 289 1107 336 heroibus
1129 288 1484 336 familiaritatem
1510 305 1587 335 me

177 374 524 414 contracturum
567 383 664 413 esse
693 364 968 431 sperabam,
1002 374 1054 412 ut
1087 366 1588 431 praesens.>praesenti-

175 444 262 492 bus
298 446 547 503 interesse,
582 445 631 490 in
666 445 811 509 iisque
844 441 1011 490 mediis
1043 445 1212 491 versari
1235 445 1349 490 mihi
1387 443 1588 494 viderer.

176 523 263 571 Cui
302 522 397 587 spei
430 522 574 569 defuit
605 532 815 572 eventus.
885 521 1005 568 Nam
1033 523 1078 568 in
1111 523 1148 569 F
1152 523 1292 569 eithio
1325 522 1414 569 alia
1457 540 1591 587 repe-

177 602 248 660 ri,
284 617 400 666 quae
423 619 516 646 non
552 602 660 647 satis
689 599 892 647 dilucide
919 599 1143 665 explicata
1181 610 1339 660 erant,
1375 610 1428 648 ut.
1455 618 1509 648 ex
1537 602 1591 648 iis

176 677 583 744 IIonnnica.plane
611 678 946 742 intelssgereni:
983 676 1100 738 alfii,
1134 697 1250 743 quae
1283 680 1591 744 interpretatu
1656 697 1662 700 ·

177 757 438 805 difficiliora
478 755 824 814 existimabam,
863 759 912 803 in
951 756 1057 804 Viri
1103 758 1238 804 Doct.
1284 757 1406 804 libro
1453 775 1586 820 aegre

177 836 448 883 desideravi.
520 836 577 882 In
610 834 678 882 his
707 835 843 899 igitur
872 834 930 881 ad
957 835 1040 882 alia
1066 836 1230 882 Poetae
1259 836 1593 901 interpretandi

164 913 382 962 ‘subsidia
409 913 625 977 confugi,
659 912 717 959 ad.
745 914 937 960 Homeri
968 913 1070 960 dico
1101 913 1373 962 Scholiastas
1391 953 1401 971 ,
1438 914 1496 962 ad
1525 932 1595 962 re-

162 994 463 1051 centiorum,
482 990 695 1056 inprimis
720 990 980 1055 Koppenii,
1005 993 1171 1056 Heynii
1193 1002 1239 1039 et
1260 990 1483 1039 Nitzschii
1511 991 1592 1039 ad-

179 1071 467 1127 notationes,
504 1077 551 1114 et
584 1067 643 1114 ad
681 1076 831 1116 cetera
864 1067 992 1115 haud
1031 1087 1180 1136 pauca
1212 1071 1346 1117 Doct.
1377 1069 1597 1117 Virorum

166 1149 367 1212 scripta.
401 1145 572 1212 quibus
608 1163 802 1207 eorum,
835 1163 950 1214 quae
986 1148 1044 1195 ad
1082 1148 1238 1196 Iliadis
1272 1157 1319 1196 et
1363 1148 1596 1214 Odysseae

170 1225 470 1274 *intellectum
512 1224 770 1284 faciebant,
818 1225 894 1276 alii
929 1227 1016 1275 alia
1052 1227 1391 1293 explicuerunt.
1472 1228 1599 1276 Haec

178 1305 336 1352 omnia
365 1304 427 1350 ita
469 1303 520 1349 in
549 1321 709 1351 meum
742 1321 878 1351 usum
906 1305 1139 1361 converti,
1175 1313 1225 1351 ut
1253 1305 1301 1350 in
1332 1303 1489 1351 charta
1516 1323 1602 1370 pu-

178 1400 233 1431 ra
251 1419 263 1442 ‚
289 1399 429 1448 quam
461 1381 786 1439 Stoberianae,
821 1399 911 1447 qua
942 1380 1138 1440 utebar,
1171 1382 1342 1430 Feiihii
1367 1380 1555 1430 editioni
1582 1395 1599 1419 1

181 1462 326 1509 inseri
350 1475 642 1510 curaveram,
675 1474 729 1506 ea
757 1457 1096 1517 adscriberem,
1129 1457 1250 1524 quae
1276 1456 1472 1505 aliorum
1501 1477 1604 1507 sen·

176 1539 330 1588 'tentia
357 1537 538 1602 cognita
570 1545 648 1583 aut
676 1536 934 1584 Feithianis
969 1537 1112 1601 magis
1138 1535 1253 1584 mihi
1286 1536 1475 1602 quidem
1508 1539 1605 1603 pln-

183 1617 380 1675 cebant,
429 1623 506 1661 aut
543 1612 601 1660 ad
648 1613 923 1662 Homericae
965 1615 1251 1681 antiquitatis
1291 1615 1601 1678 cognitionem

182 1694 444 1745 necessario
475 1691 844 1758 requirebantur.
910 1692 980 1739 Ita
1009 1694 1059 1740 in
1099 1691 1198 1739 dies
1228 1693 1430 1740 excrevit
1461 1694 1605 1741 adno-

184 1774 412 1822 tationum
439 1788 648 1820 mearum
679 1771 843 1837 copia,
873 1788 1012 1837 quam
1056 1771 1252 1836 augebat
1277 1771 1417 1819 etiam
1441 1771 1604 1821 iterata

1508 1849 1606 1899 Ilo-

243 1969 286 2022 1)
316 1969 428 2018 Quae
454 1968 574 2008 tertia
598 1974 658 2008 est
682 1974 722 2008 et
751 1967 978 2007 novissima.
1005 1966 1059 2008 8⁰.
1087 1965 1246 2019 Argent.
1272 1979 1332 2006 an.
1355 1968 1469 2007 1743.
1518 1969 1605 2008 Pri-

187 2052 295 2079 mam
319 2037 476 2077 curavit
497 2038 619 2076 Hem.
641 2036 885 2084 Brumanus,
913 2036 1081 2075 scholae
1097 2034 1323 2073 Zwollanae
1337 2035 1481 2074 Rector
1496 2065 1506 2080 ,
1535 2038 1607 2088 qui

185 2106 261 2145 hos
284 2105 506 2158 propinqui
543 2106 605 2142 sui
643 2104 694 2143 de
721 2105 849 2156 Antiq.
885 2104 1002 2142 Hom.
1041 2102 1171 2142 libros
1200 2102 1314 2141 velut
1341 2115 1364 2141 e
1394 2102 1606 2156 naufragio

189 2173 378 2212 servavit.
435 2171 527 2210 vid.
557 2170 690 2210 Erum.
715 2172 843 2224 praes.
868 2172 1022 2211 Prodiit
1051 2177 1185 2209 autem
1206 2169 1335 2209 forma
1361 2173 1447 2209 120.
1476 2171 1604 2223 Lugd-

186 2240 270 2279 Bat.
301 2238 405 2291 apud
425 2239 465 2277 A.
490 2237 725 2277 Severinum
751 2253 812 2278 an.
831 2238 948 2278 1677.
1004 2238 1187 2277 Ser-unda
1210 2238 1304 2275 exiit
1317 2238 1477 2276 Amstel.
1496 2238 1607 2289 apud

188 2307 442 2345 Salomonem
469 2304 670 2344 Schoutcn
699 2306 758 2345 8⁰.
789 2304 1024 2352 an11.1726‚
1053 2304 1202 2351 editio,
1230 2310 1274 2342 ut
1299 2305 1341 2344 in
1368 2305 1482 2343 titulo
1507 2305 1608 2356 legi-

187 2381 277 2420 tur,
308 2372 547 2413 accuratior.
614 2373 809 2413 Editionis
841 2387 902 2411 an.
933 2372 1036 2411 1743
1068 2372 1311 2423 exemplaria
1343 2374 1474 2412 omnia
1504 2387 1605 2412 anno

189 2440 296 2479 1773
320 2441 405 2491 jam
437 2439 642 2479 diuendita
671 2454 758 2479 csse
793 2448 832 2480 et
868 2453 1012 2480 novam
1043 2439 1260 2479 editionem
1289 2442 1420 2493 (quae
1450 2448 1602 2488 tamen,

191 2512 391 2559 quantum
407 2507 521 2551 novi,
552 2519 758 2559 nunquam
786 2508 916 2559 exiit)
942 2508 1107 2559 parari,
1139 2512 1253 2561 patet
1266 2520 1315 2553 ex
1339 2507 1374 2551 J.
1403 2507 1439 2549 J.
1469 2508 1611 2560 Bjorn-

188 2572 316 2615 stahls
343 2575 450 2614 reize
475 2573 574 2614 door
601 2574 763 2628 Europa
790 2589 876 2616 enz.
903 2576 1017 2618 Tom.
1042 2575 1090 2618 V.
1118 2588 1158 2629 p.
1180 2574 1245 2613 72.
