1780 3120
564 134 1142 216 ΗοΜἘΒιοΑ.
1472 157 1560 227 157

159 318 241 353 rus
264 302 282 339 ἱ
331 302 404 348 ἀπὸ
454 308 520 353 τῆς
559 302 718 352 ἰσότητος
741 334 754 356 ,
798 303 852 344 ut
892 304 1017 344 recte
1058 293 1223 342 Athen.
1241 330 1254 352 ,
1303 298 1364 340 καί
1400 297 1472 340 ἀπὸ
1512 303 1572 340 τοῦ

168 372 357 420 δατεῖσθαι
379 376 418 412 ².
488 364 580 423 Qui
619 379 780 410 carnes
817 361 1012 418 dividit,
1048 369 1236 408 vocatur
1273 362 1417 419 δαιτρὲς
1441 359 1485 417 3,
1521 358 1574 406 id

166 443 261 493 est,
293 440 312 480 ὁ
349 434 499 493 διαιρῶν
550 435 597 478 τὰ
638 438 728 492 κρέα
755 466 766 486 ,
814 428 1067 494 interprete
1106 423 1340 488 Hesychio
1364 423 1413 479 4,
1466 424 1574 482 vel,

166 509 221 547 ut
249 498 394 564 ipsius
422 494 620 543 Homeri
650 493 806 542 verbis
835 502 965 552 utar,
1000 499 1093 567 κρέα
1120 494 1300 553 δαιόμενος
1333 492 1441 548 δέμον
1478 500 1577 536 κάτα

165 567 404 627 δαινυμένοισι
425 562 464 609 5.
532 560 634 608 Nec
670 568 825 607 tamen
860 575 981 607 unus
1028 557 1244 625 ldemque
1277 570 1461 624 semper
1493 560 1579 628 &xc-3

164 649 251 695 τρου
284 644 478 677 munere
520 625 650 694 quasi
687 626 876 693 proprio
911 622 1205 690 fungebatur.
1280 621 1342 669 In
1384 619 1581 669 Menelai

170 696 297 761 regia

303 796 314 807 .
352 790 366 806 .
403 795 415 808 .
453 795 464 806 .
500 758 695 813 Βοηθοιδης
721 763 812 821 κρέα
853 759 974 806 δαίετο
996 759 1061 804 καὶ
1089 763 1178 820 νέμε
1208 764 1338 823 μοίρας
1359 751 1399 802 6.

171 826 333 876 Procis
363 831 518 889 κήρυκες

307 921 705 938 .........
741 898 834 953 κρέα
860 892 977 937 mma
1004 892 1174 939 δατεῦντο
1195 900 1233 940 7.

171 956 324 1006 Iidem
347 952 579 1020 Odysseae
607 952 726 1002 libro
747 955 964 1002 vicesimo

309 1026 456 1085 Μοίρας
485 1024 710 1081 δασσάμενοι
740 1021 899 1068 δαίνυντ’
922 1022 1091 1084 ἐρικυδέα
1123 1023 1249 1071 δαῖτα.

309 1092 403 1150 Πὰρ
424 1083 462 1135 δ’
491 1085 551 1150 ἄρ’
570 1088 765 1140 Ὀδυσσῆϊ
781 1098 913 1149 μοῖραν
943 1091 1053 1133 θέσαν
1069 1126 1082 1148 ,
1115 1094 1149 1135 οἳ
1175 1098 1360 1151 πονέοντο,

293 1152 403 1205 Ἴσην
418 1186 431 1209 ,
465 1158 513 1205 ὠς
537 1154 644 1198 αὐτοί
668 1171 739 1215 περ
763 1155 968 1214 ἐλάγχανον
990 1151 1029 1200 8.

174 1221 280 1280 Quo
311 1216 460 1264 officio
491 1216 582 1281 ipsi
609 1233 792 1283 quoque
834 1217 1070 1283 principes
1101 1219 1187 1268 viri
1217 1220 1470 1286 funguntur
1489 1261 1501 1284 ‚
1534 1231 1588 1271 ut

175 1281 384 1335 'Achilles
399 1321 412 1344 ‚
446 1280 507 1330 de
530 1298 624 1349 quo
649 1283 911 1330 Homerus:

259 1355 264 1358 ’
309 1380 666 1398 ........
700 1353 802 1413 ἀτὰρ
829 1355 933 1412 κρέα
950 1362 1069 1413 νεῖμεν
1098 1350 1299 1416 Ἀχιλλεύς
1321 1364 1358 1401 9.

177 1424 225 1464 et
255 1414 412 1482 proci,
447 1413 529 1479 qui

313 1484 521 1544 Σπλοίχγνα
557 1515 569 1526 .
608 1515 619 1526 .
656 1515 668 1526 .
707 1516 717 1527 .
750 1485 974 1538 ὀπτήσαντες
997 1487 1145 1546 ἐνώμων
1161 1496 1219 1532 ²0.

180 1546 436 1603 Eumaeus,
470 1561 597 1592 sacra
625 1545 728 1593 Diis
760 1546 962 1595 facturus
981 1586 992 1606 ‚
1027 1551 1108 1597 ubi
1139 1551 1314 1599 hostiae
1356 1563 1507 1620 partes
1535 1568 1592 1602 ex

180 1628 310 1660 more
339 1618 631 1676 praeparatas
666 1617 716 1658 εἰν
743 1616 894 1660 ἐλεοῖσιν
912 1624 950 1651 ²²
986 1616 1322 1678 collocaverat,

295 1680 449 1727 Ἴστατο
471 1677 696 1739 δαιτρεύσων
731 1712 1383 1732 ..............

311 1747 394 1791 Καὶ
423 1749 471 1790 τοὶ
498 1746 566 1803 μὲν
587 1745 740 1806 ἕπταχα
764 1753 886 1792 πάντα
912 1746 1116 1810 διεμοιρᾶτο
1141 1750 1296 1804 δαΐζων,

314 1812 397 1861 Τὴν
420 1809 487 1869 μὲν
511 1813 571 1854 ἰἀν
596 1811 635 1854 N
639 1814 780 1873 ὺμφῃσι
807 1815 870 1856 καὶ
893 1810 1019 1875 Ἑρμῇ
1034 1850 1046 1870 ,
1071 1818 1249 1869 ,Μαιαδος
1276 1819 1354 1875 υἷὶ”,“

318 1875 443 1927 ΘῆΥ-Εΰ
470 1874 709 1933 ἕπευξάμῑνΰς
727 1911 738 1930 ,
773 1881 839 1930 τοὶς
866 1877 901 1922 δ’
920 1877 1038 1931 ἄκλας
1061 1893 1179 1938 νεῖμεν
1207 1887 1376 1944 ἑκάστῳ·
1458 1924 1463 1933 x

185 1938 403 2002 Ulyssem
425 1952 560 1995 vem,
595 1953 687 2001 quo
723 1956 858 1985 suum
899 1941 940 1986 ei
972 1959 1175 1990 amorem
1209 1954 1257 1991 et
1289 1951 1595 1999 reverentiam

189 2004 538 2061 testificaretur,
572 2006 744 2068 majore
783 2005 930 2052 carnis
959 2009 1200 2072 portione,
1234 2018 1450 2080 perpetui
1479 2016 1594 2064 adeo

187 2077 317 2136 tergo
343 2068 471 2116 bovis
487 2106 500 2130 ,

317 2138 501 2184 Νώτοισιν
533 2166 793 2185 ......
826 2140 1048 2195 &cnvenit-:wi
1070 2150 1238 2207 γέραιρεν
1253 2155 1311 2191 ¹2.

1512 2215 1604 2261 Eo-

216 2331 276 2378 '1)
299 2331 380 2370 vid.
401 2332 446 2371 Il.
468 2331 509 2380 Ι,
533 2335 613 2371 468.
637 2333 703 2373 Od.
727 2335 797 2383 XI,
823 2338 898 2374 184.
924 2338 969 2376 al.
1084 2339 1125 2385 2)
1150 2339 1190 2377 L.
1216 2341 1243 2378 Ι.
1273 2340 1300 2380 l.
1320 2343 1345 2378 l·
1395 2343 1448 2380 Cf.
1470 2345 1511 2380 de
1536 2359 1601 2391 νος-

191 2387 243 2421 cis
265 2395 382 2433 etymo
400 2388 511 2435 Heyn,
534 2389 615 2427 Var.
635 2391 746 2428 Lectt.
770 2400 804 2426 et
824 2393 964 2431 Observ.
984 2401 1019 2429 et
1041 2393 1152 2441 Kspp.
1170 2397 1205 2430 in
1221 2397 1303 2434 adn.
1326 2398 1369 2432 ad
1389 2399 1432 2435 ΙΙ.
1451 2398 1468 2433 Ι
1482 2428 1492 2442 ,
1516 2402 1598 2436 463.

193 2439 233 2484 5)
259 2440 340 2478 Vid.
362 2442 426 2477 Od.
443 2443 484 2490 I,
509 2446 585 2482 141.
609 2445 709 2490 XVI,
734 2448 810 2484 351.
833 2447 878 2484 al.
984 2449 1024 2494 4)
1052 2449 1161 2492 Quem
1181 2451 1259 2486 vide
1279 2454 1314 2487 in
1336 2464 1368 2489 v.
1469 2454 1509 2498 5)
1534 2455 1602 2494 Od.

193 2494 312 2541 XVII,
335 2497 396 2532 531
424 2509 496 2545 seq,
613 2500 652 2545 6)
677 2501 740 2537 Od.
762 2501 842 2545 XV,
868 2504 944 2538 140.
1072 2505 1109 2551 7)
1135 2507 1198 2542 od.
1224 2507 1263 2550 I,
1291 2521 1365 2543 ιη.
1474 2509 1513 2552 8)
1538 2510 1605 2548 Od.

177 2547 236 2584 ·L.
257 2549 282 2585 l.
311 2562 356 2587 vs.
374 2553 439 2587 280
470 2565 566 2599 seqq.
690 2558 728 2600 9)
754 2555 796 2591 ll.
821 2556 950 2603 XXIV,
975 2559 1051 2595 626.
1095 2559 1147 2596 Cf.
1172 2561 1215 2595 Il.
1239 2561 1304 2606 IX,
1329 2575 1393 2607 207
1427 2575 1520 2610 seqq.
1557 2563 1603 2603 al.

194 2607 260 2647 10)
283 2603 346 2640 Od.
369 2608 448 2652 XX,
480 2610 558 2644 252.
613 2607 722 2644 Iidem
757 2610 917 2645 dicuntur
958 2622 1125 2649 mactasse
1158 2627 1235 2649 oves
1257 2642 1266 2659 ,
1301 2628 1418 2660 capras
1441 2611 1605 2664 ‚porcos

177 2663 230 2690 ⁴et
263 2660 359 2698 βοῦν
390 2660 568 2706 ’ἀγελαίην
601 2663 641 2697 L.
663 2664 687 2700 l.
722 2677 766 2701 vs.
795 2667 860 2701 250
885 2680 978 2713 seqq.
1099 2669 1157 2712 11)
1184 2669 1236 2703 De
1267 2670 1390 2715 quibus
1422 2673 1474 2710 Cfi
1509 2673 1548 2711 L.
1575 2689 1607 2722 ι.

193 2723 223 2747 ⁸·
246 2713 283 2800 διο]
305 2716 338 2759 §-
357 2716 390 2750 3.
494 2716 551 2763 12)
578 2718 640 2756 Od.
662 2720 766 2766 XIV,
790 2723 869 2763 457.
893 2724 949 2761 cll.
974 2736 1019 2761 vs.
1044 2736 1161 2769 praec.
1183 2732 1218 2759 et
1243 2723 1316 2770 lv,
1342 2727 1396 2762 65,
1420 2720 1511 2773 ihiq,¹
1532 2728 1607 2764 Eu-

189 2773 260 2801 Btat
288 2792 296 2803 ι
