1780 3120
167 150 229 206 ω
537 143 1211 213 ANTIQU1TAS

170 288 265 351 igni
305 282 497 332 cadaver
537 280 907 330 comburendum
945 280 1281 346 imponebant,
1313 290 1365 330 ut
1396 282 1459 330 ita
1485 282 1579 330 vita'

171 352 378 400 defuncti
417 364 695 411 suorumque
730 348 874 392 amori
917 347 1063 411 erepti
1098 350 1241 394 εἴδωλον
1280 348 1443 394 saltem
1485 347 1579 395 sal-

172 435 280 465 vum
305 417 354 462 in
379 416 497 460 Ἀΐδου
523 413 714 459 domum
747 409 1049 458 descenderet
1073 421 1108 459 1.
1176 413 1428 460 Defunctos
1455 413 1584 459 enim'

174 491 279 549 post
307 482 397 528 fata
422 480 560 526 etiam
585 493 857 540 permanere
883 476 971 523 sibi
1000 486 1334 541 persuaserant.
1401 481 1461 524 At
1479 488 1585 524 tan-

172 557 272 596 tum
307 543 430 610 apud
461 560 536 589 eos
561 541 702 586 valuit
727 559 855 588 error
873 579 884 597 ‚
920 551 996 598 ut,
1032 558 1221 606 corpora
1249 551 1449 589 cremata
1478 559 1587 589 cum

174 613 378 667 scirent,
416 617 574 655 ’tamen
607 624 659 653 ea
691 608 791 654 fieri
825 605 944 672 apud
980 607 1151 653 inferos
1183 609 1436 670 fingerent,
1470 623 1588 672 quae

177 675 278 726 sine
307 673 578 739 corporibus
603 688 691 718 nec
721 673 819 737 fieri
843 682 1042 737 possunt
1063 690 1151 718 nec
1179 672 1368 735 intelligi
1392 683 1430 718 ².
1498 670 1592 718 Sed

178 742 287 793 illuc
338 748 637 787 revertamur.
719 737 788 784 Ut
827 738 953 784 enim
983 774 994 795 ‚
1042 754 1160 802 quae
1205 738 1251 783 in
1311 737 1589 784 cadaverum

179 806 496 856 combustione
524 802 806 850 observanda
834 811 966 863 sunt,
1001 803 1162 849 ordine
1192 815 1501 867 exponamus,
1535 798 1596 847 ab

177 875 311 923 initio
338 872 427 918 erit
454 868 744 916 ordiendum.

246 939 285 1001 ξ.
322 954 365 983 2.
433 935 606 981 Luctui
641 933 725 980 ubi
758 933 865 981 satis
902 932 1218 990 indulserant,
1266 931 1460 980 cadaver
1491 947 1598 976 cum

184 1003 304 1052 lecto
337 1017 418 1049 suo
449 999 702 1057 inlocum,
737 1014 828 1063 quo
859 998 1229 1046 comburendum
1272 1006 1395 1055 erat,
1431 996 1599 1043 elatum

179 1070 235 1117 in
276 1066 397 1115 edita
429 1065 660 1129 lignorum
695 1073 820 1110 strue
860 1062 1177 1121 collocabant,
1211 1080 1350 1128 quam
1377 1069 1496 1127 πυρὴν
1527 1072 1603 1108 vo'-

189 1142 264 1183 cat
291 1133 522 1180 Homerus
541 1169 554 1188 ,
587 1129 646 1176 de
678 1129 926 1176 Coronidis
955 1129 1117 1175 funere
1144 1129 1206 1175 ita
1235 1142 1434 1174 canens:

319 1204 489 1252 Πείησαν
522 1198 562 1243 δὲ
590 1201 710 1258 πυρὴν
731 1196 975 1255 ἑκατόμπεδον
1003 1193 1096 1240 ’ἔνθα
1115 1201 1178 1240 καί
1197 1197 1308 1241 ἔνθα·

316 1266 384 1310 Ἐν
408 1265 447 1309 δὲ
470 1264 570 1324 πυρῇ
597 1266 719 1322 ὑπάτῃ
747 1265 872 1323 νεκρὸν
900 1265 1011 1308 θέσαν
1029 1296 1042 1319 ,
1077 1265 1273 1322 ἀχνύμενοι
1299 1270 1372 1323 κῆρ
1393 1257 1432 1306 5.

194 1336 239 1378 et
260 1329 318 1377 de
350 1326 565 1375 Hectoris
595 1325 850 1372 cadavere:

425 1427 439 1440 ·
472 1426 487 1441 .
520 1393 685 1454 ἐξέφεμὶν
711 1394 850 1453 θρασὺν
869 1386 1042 1453 “Enopa
1059 1391 1335 1455 -ὃακρυχέσντες
1353 1425 1367 1448 ,

326 1461 393 1506 Ἑν
415 1458 454 1504 δὲ
476 1460 578 1519 πυρῇ
606 1461 729 1517 ὑπάτῃ
761 1458 885 1518 νεκρὸν
915 1459 1026 1500 θέσαν
1047 1453 1082 1499 4.

196 1527 355 1576 Funus
394 1519 797 1588 prosequebantur
837 1519 1092 1585 propinqui
1146 1528 1194 1566 et
1231 1519 1382 1569 amici.
1458 1518 1618 1565 Patro-

198 1592 324 1638 clum
365 1596 604 1637 mortuum
642 1585 832 1632 Achillis
872 1587 999 1647 jussu
1045 1585 1209 1631 armati
1249 1582 1565 1649 Myrmidones
1593 1594 1625 1629 ε

201 1655 403 1705 tentorio
441 1655 490 1701 in
523 1667 684 1714 rogum
707 1648 1004 1696 extulerunt:
1191 1703 1193 1705 Ι

344 1719 417 1767 Ἀν
449 1716 603 1776 δ”έβαν
636 1721 673 1761 ἐν
699 1719 854 1780 δίφιωισι
878 1716 1127 1777 παραβάται,
1160 1721 1296 1777 ἠνίοχσί
1334 1731 1403 1762 τε·

352 1788 504 1847 Πρόσθε
529 1786 597 1843 μὲν
624 1787 754 1834 ἱππῆες
773 1818 784 1838 ,
818 1784 915 1841 μετὰ
942 1782 982 1826 δὲ
1004 1788 1102 1843 νέφες
1125 1786 1243 1826 εἵπετο
1270 1788 1415 1837 πεζῶν,

352 1848 494 1912 Μυρίὲι
511 1861 524 1874 ·
560 1852 597 1893 ἐν
626 1847 665 1892 δὲ
694 1853 838 1907 μέσοισι
869 1850 976 1907 φέρον
999 1849 1215 1904 Homo-mv
1243 1852 1376 1907 ἑταῖροι
1395 1844 1435 1892 5.

272 1916 314 1981 ξ.
349 1914 395 1962 3.
460 1910 538 1960 Ad
576 1927 738 1976 pyram
776 1907 1039 1972 complures
1079 1909 1292 1957 victimae
1331 1909 1521 1956 mactari
1556 1925 1629 1955 so-

205 1981 402 2035 lebant,
436 1986 483 2025 et
515 1975 750 2033 comburi,
788 1983 838 2022 ut
879 1973 1058 2022 Achille
1089 1975 1283 2041 jubente
1321 1992 1348 2022 a
1379 1975 1630 2040 Myrmido-

206 2047 347 2099 nibus
377 2045 552 2092 factum
581 2041 807 2088 traditur:

1531 2121 1632 2168 Πολ-

214 2285 270 2311 res
293 2279 367 2317 esc,
391 2279 452 2304 nec
474 2274 513 2302 ut
530 2279 652 2313 eorpus
677 2267 713 2302 in
738 2278 857 2302 sensus
875 2266 982 2302 cadit.
1029 2265 1188 2299 Astracta
1220 2271 1333 2299 autem
1359 2264 1495 2309 ignorat
1523 2263 1639 2298 incul-

212 2330 308 2372 tior,
331 2337 392 2361 nec
413 2323 543 2368 cogitat
563 2330 624 2356 aut
647 2323 822 2358 aestimat.
868 2319 949 2358 vid.
974 2318 1046 2356 11.1
1062 2348 1072 2365 ,
1096 2320 1129 2355 4.
1155 2318 1211 2355 cll.
1233 2318 1371 2363 XVIII,
1394 2321 1450 2355 26.
1520 2317 1556 2362 ι)
1583 2317 1639 2355 Cf.

217 2381 370 2419 Nitzsch.
385 2407 396 2425 ,
418 2378 477 2424 qui
499 2376 541 2411 ad
568 2377 634 2413 Od.
659 2377 732 2422 lv,
755 2378 821 2412 258
854 2375 1027 2420 eleganter
1048 2381 1084 2409 et
1106 2384 1183 2408 vere
1210 2372 1274 2407 hac
1309 2373 1349 2407 de
1378 2386 1413 2408 re
1438 2372 1641 2418 disputavit.

217 2436 268 2475 Ne
291 2436 369 2483 quis
393 2433 558 2469 cadavera
576 2430 730 2466 comburi
752 2429 888 2465 dubitet
911 2428 1012 2464 adeat
1036 2427 1079 2466 II.
1101 2427 1190 2470 VII,
1213 2429 1274 2463 431
1300 2440 1392 2473 seqq.
1416 2427 1550 2470 XXIII,
1576 2426 1644 2461 165

216 2504 311 2538 seqq.
345 2487 473 2531 XXIV,
498 2488 575 2533 787·
611 2485 674 2520 Od.
714 2484 845 2528 XXIV,
877 2485 897 2518 6
929 2491 964 2518 et
991 2483 1079 2518 alias
1103 2483 1282 2527 utriusque
1319 2483 1482 2517 carminis
1512 2488 1644 2527 partea-

219 2548 261 2591 2)
284 2546 339 2580 lta
361 2543 432 2579 Cic.
457 2542 558 2576 'rusc-
584 2538 626 2586 Ι,
652 2541 706 2576 16.
754 2539 807 2574 Cf.
837 2538 929 2573 infra
953 2540 986 2586 §.
1011 2540 1045 2573 4.
1165 2536 1202 2582 3)
1227 2535 1271 2574 11.
1294 2536 1429 2581 XXIII,
1456 2537 1520 2572 154
1550 2545 1642 2580 seqq.

218 2601 277 2637 cll.
302 2611 352 2637 vs.
375 2610 438 2634 no
466 2607 562 2641 seqq.
689 2593 728 2639 4)
754 2592 795 2630 11.
820 2592 948 2639 XXIV,
973 2594 1038 2640 786
1070 2603 1143 2638 seq.
1287 2590 1327 2638 5)
1352 2591 1394 2629 11.
1420 2589 1557 2634 xxm,
1581 2590 1649 2624 132

222 2667 317 2702 seqq.
