1780 3120
209 136 308 189 322
567 136 1256 197 'ANTIQUITAS

213 269 281 317 les
297 308 309 329 ,
344 287 454 320 cum
480 270 684 318 Hectore
714 270 800 318 sub
821 270 986 334 Troiae
1013 268 1260 317 moenibus
1286 282 1304 305 ¹
1329 271 1496 318 acriter
1520 288 1633 318 con-

213 335 398 398 tendit,
452 345 498 383 et
531 336 768 385 devictum
803 346 1178 402 prostratumque
1208 336 1405 383 occidit:
1477 342 1563 392 Διὸς
1593 340 1633 385 δὲ

213 405 368 450 τελείετο
387 405 519 463 βουλή.

275 466 318 530 §0
356 486 402 517 2.
469 467 630 515 Achivi
654 483 844 515 escensu
862 468 983 514 facto
1002 482 1142 512 naves
1168 483 1223 512 cx
1248 484 1375 513 more
1398 465 1636 514 subduxe-

197 543 319 596 ,rant
346 535 469 581 inter
499 535 873 599 promontorium
918 533 1178 580 Rhoeteum
1212 550 1237 577 a
1287 533 1634 597 septentrione,

209 606 258 645 et
293 599 481 664 Sigeum
533 598 592 645 ad
630 599 894 650 meridiem.
974 596 1115 657 Quod
1173 600 1356 662 poetice
1405 599 1632 661 siguificat

204 661 469 713 Homerust

350 764 961 779 .............
997 733 1146 782 πλῆσαν
1170 738 1320 784 ἁπάσης

341 798 483 851 Ἠϊένος
511 803 634 857 στόμα
657 800 823 857 μακρὲν,
862 798 946 842 ὅσον
972 799 1210 857 sweep-suffio„
1234 796 1350 859 ἄκραι
1373 807 1410 842 2.

208 860 429 921 Poetice,
467 862 680 927 inquam,
714 860 833 907 iliud
868 861 1051 906 notavit
1077 861 1341 919 HomerUS,
1375 860 1505 926 quod
1529 862 1634 910 uni-

207 944 338 975 verse
370 927 562 975 navium
604 925 851 973 stationem
906 927 1162 988 expressit,
1207 942 1306 970 non
1346 943 1455 972 vero
1496 945 1635 974 accu-

206 1002 306 1040 rate
330 992 486 1040 locum
510 990 904 1055 circumscripsit,
940 992 991 1036 in
1019 1007 1157 1055 quem
1196 999 1328 1036 erant
1358 991 1632 1040 subductae.

190 1057 311 1119 ,Nec
370 1074 479 1106 vero
538 1057 741 1122 spatium
766 1094 778 1113 ,
828 1054 953 1120 quod
994 1074 1019 1102 a
1059 1056 1268 1102 Rhoeteo
1323 1055 1383 1102 ad
1445 1057 1632 1121 Sigeum

194 1140 355 1190 ,usque
390 1122 609 1189 patebat,
645 1123 751 1186 quia
797 1122 981 1187 saepius
1016 1120 1278 1168 abundaret
1312 1122 1505 1178 Simois,
1562 1133 1633 1178 to-

208 1199 312 1237 tum
353 1205 602 1254 occupasse
639 1187 875 1236 videntur.
950 1185 1181 1246 Accedit,
1235 1187 1363 1253 quod.
1410 1188 1538 1235 nulla
1581 1190 1633 1237 in

206 1254 418 1303 Homero
445 1255 712 1302 testimonia
745 1251 923 1311 adsint,
960 1253 1131 1318 quibus
1171 1263 1249 1300 aut
1279 1252 1451 1300 flumen
1479 1256 1633 1304 media

206 1331 356 1368 castra
396 1321 602 1368 divisisse
644 1328 722 1365 aut
769 1317 987 1364 dextrum
1033 1319 1274 1383 copiarum
1322 1337 1470 1367 cornu
1511 1321 1632 1369 ultra

208 1387 450 1434 Simoenta
484 1385 736 1433 tetendisse
778 1382 979 1447 intelligi
1014 1386 1159 1449 possit
1191 1385 1228 1432 5.
1297 1385 1462 1450 Itaque
1495 1405 1522 1433 a
1565 1389 1635 1436 Si-

208 1470 293 1518 geo
337 1453 600 1500 Rhoeteum
641 1467 801 1499 versus
846 1449 908 1497 ad
951 1450 1185 1497 Simoenta
1224 1469 1371 1517 usque
1406 1453 1457 1498 in
1498 1453 1632 1501 litore

208 1518 455 1566 adstabant
485 1533 656 1573 naves,
708 1533 846 1582 quas,
897 1516 1115 1582 quoniam
1158 1534 1318 1563 omnes
1375 1535 1471 1565 uno
1508 1520 1634 1567 ordi·

188 1601 270 1644 vne
300 1584 559 1632 subductas
586 1583 790 1648 spatium
821 1582 1066 1629 definitum
1103 1582 1231 1629 haud
1265 1584 1634 1648 comprehende-

206 1647 321 1710 bat,
367 1651 419 1696 in
454 1650 570 1697 duos
613 1647 829 1712 pluresve
857 1684 871 1707 ,
923 1646 1034 1693 alias
1089 1658 1198 1694 ante
1242 1647 1355 1695 alias
1383 1687 1396 1709 ,
1447 1659 1631 1714 προκρόσ-

206 1737 278 1771 σας
299 1717 346 1774 4,
393 1717 459 1763 ita
501 1714 876 1772 collocaverunt,
923 1721 976 1758 ut
1029 1729 1146 1776 quae
1187 1713 1365 1778 priores
1410 1717 1630 1780 appulsae

205 1790 362 1830 essent
393 1800 420 1829 a
460 1781 578 1830 mari
623 1779 806 1843 longius
850 1787 1233 1837 removerentur,
1270 1772 1549 1843 posteriores
1581 1784 1632 1830 in

200 1847 305 1914 ipsa
344 1848 492 1895 litoris
534 1863 613 1893 ora
659 1846 921 1901 adstarent,
966 1842 1121 1909 aliquo
1162 1854 1317 1891 tamen
1344 1865 1370 1893 a
1406 1850 1524 1895 mari
1560 1850 1632 1895 in.-

201 1913 393 1963 tervallo
430 1912 596 1961 relicto
634 1912 671 1960 5.
754 1911 814 1957 In
854 1927 1000 1956 cornu
1040 1910 1227 1958 sinistro
1271 1910 1330 1957 ad
1369 1912 1631 1960 Rhoeteum

203 1981 356 2046 Aiax,
401 1981 454 2027 in
486 1979 651 2027 dextro
697 1978 883 2041 Sigeum
919 1992 1080 2025 versus
1131 1977 1225 2024 suis
1258 1979 1456 2043 praefuit
1483 1980 1634 2027 Achil-

1546 2045 1632 2096 les.

248 2191 289 2237 ι)
313 2182 368 2225 Ita
394 2189 595 2236 explicanda
632 2190 678 2221 τὰ
705 2189 813 2222 πόλιν
844 2188 940 2234 πέρι.
989 2187 1070 2224 vid.
1104 2186 1327 2223 Lechevalier
1354 2188 1419 2234 Op.
1450 2188 1474 2226 l.
1496 2203 1526 2226 c,
1551 2190 1628 2236 XX,

206 2260 242 2292 p.
271 2258 479 2293 191—212.
654 2244 694 2289 2)
719 2243 763 2280 Il.
798 2241 906 2288 XIV,
929 2244 971 2277 55
1002 2255 1072 2288 seq.
1110 2243 1219 2288 ἄκραι
1252 2251 1332 2277 sunt
1364 2243 1556 2278 Rhoeteum
1597 2255 1632 2281 et

200 2301 360 2347 Sigeum,
391 2306 432 2334 ut
464 2310 525 2334 seu
557 2298 650 2332 fama
681 2311 740 2334 seu
779 2298 940 2343 opinione
974 2297 1143 2332 traditum
1174 2297 1342 2331 creditur.
1388 2298 1502 2344 Iieyn.
1526 2300 1568 2334 ad
1586 2300 1628 2337 ll,

198 2355 226 2393 1.
251 2355 280 2393 l.
302 2354 429 2399 Troiae
450 2354 557 2388 situm
582 2352 699 2387 tabula
721 2353 949 2398 geographica
976 2352 1131 2397 depinxit
1161 2351 1383 2386 Lechevalier
1406 2353 1471 2397 Op,
1494 2353 1519 2387 l.
1535 2383 1544 2399 ‚
1568 2355 1627 2400 qui

200 2410 245 2453 de
268 2409 422 2455 ejusdem
443 2408 540 2443 urbis
558 2407 676 2443 tabula
710 2408 893 2452 geograph.
923 2418 943 2445 a
967 2406 1076 2452 Popio
1099 2415 1134 2442 et
1165 2406 1323 2441 VVoodio
1350 2406 1524 2442 delineata
1555 2409 1631 2443 dis-

197 2474 301 2512 putat
320 2477 395 2512 pag.
418 2477 463 2501 m.
489 2476 532 2510 99
554 2475 648 2508 seqq·
675 2471 709 2498 et
732 2466 796 2496 108
818 2475 913 2507 seqq.
1041 2462 1079 2506 5)
1106 2462 1154 2496 Ut
1174 2469 1266 2496 recte
1291 2469 1389 2495 notat
1416 2462 1571 2508 Heynius
1591 2463 1627 2497 in

198 2520 435 2567 disputatione
455 2546 466 2564 ‚
487 2530 589 2565 quam
612 2518 791 2562 inscripsit
815 2532 831 2552 n
850 2517 936 2551 iiber
958 2516 1019 2550 das
1049 2516 1154 2550 Local
1175 2517 1210 2550 in
1235 2516 1296 2549 der
1321 2515 1464 2550 Iliade²’
1494 2525 1529 2552 et
1550 2530 1629 2561 ger-

197 2575 354 2610 manicae
397 2585 478 2608 suae
515 2572 665 2608 versioni
701 2572 766 2617 Op.
811 2572 838 2608 1.
871 2571 1123 2606 Lechevalierii
1157 2570 1332 2615 subjunxit
1369 2583 1403 2616 p.
1435 2573 1502 2607 246
1534 2583 1630 2617 seqq.

198 2630 247 2673 4)
280 2628 364 2663 vid.
392 2628 471 2665 Vir.
505 2627 557 2666 Cl.
592 2625 724 2662 Daizel.
771 2634 853 2660 nota
886 2625 930 2660 ad
974 2625 1118 2664 Lechev.
1153 2627 1219 2671 Op.
1247 2625 1272 2664 l.
1312 2636 1391 2670 pag·
1430 2628 1495 2661 146
1530 2638 1626 2672 seqq.

198 2684 246 2730 5)
272 2683 355 2719 Vid.
376 2682 421 2721 ll.
442 2682 543 2724 XIV,
570 2683 614 2719 50
636 2693 731 2727 seqq·
