1780 3120
182 105 278 183 ,φ
558 103 1242 165 ANTIQUITAS

179 235 401 303 principe
439 237 694 298 certamina
729 236 1020 296 edebantur,
1055 238 1205 304 qualia
1241 237 1401 304 Ulyssi
1430 237 1614 289 edenda

184 301 400 355 edicebat
424 301 660 349 Alcinous.
728 303 786 348 In
816 302 888 349 his
917 320 1087 351 novem
1111 303 1221 351 lecti
1238 303 1457 350 ludorum
1477 322 1615 369 prae-

189 366 339 424 sides,
375 369 455 433 qui
496 367 678 431 singula
718 378 934 414 curarent
957 379 992 415 ¹.
1060 368 1118 415 In
1159 369 1359 416 Patrocli
1404 387 1515 416 vero
1542 371 1618 417 fu·

188 432 416 480 nebribus
447 434 545 496 ipse
577 433 732 480 omnia
767 432 998 498 disposuit
1039 432 1273 494 Achilles,
1312 444 1358 481 et
1395 437 1613 500 praemiis

187 499 351 562 positis
380 502 510 547 vario
540 499 847 545 certaminum
876 516 1041 562 genere
1082 499 1246 547 heroes
1271 518 1480 568 quosque
1512 502 1616 548 for-

190 565 392 612 tissimus
418 565 668 611 commisit.
739 565 795 610 In
818 564 875 611 iis
902 564 993 611 fuit

257 630 296 693 ξ.
317 648 361 678 2.
413 629 562 677 Saltus
575 669 585 687 ,
600 629 657 677 de
675 647 765 697 quo
781 630 934 694 capite
958 631 1200 696 superiore
1219 632 1421 678 diximus
1440 669 1451 688 ,
1470 647 1615 698 eoque

190 695 317 762 apud
342 697 578 743 Phaeaces
603 705 779 742 ceteros
808 696 973 743 vicisse
998 696 1197 744 traditur
1234 696 1509 762 Amphialus
1530 715 1541 743 z

311 766 484 824 ’Ἀλματι
515 761 554 810 δ’
580 762 790 827 Ἀμᾳάὶος
818 765 964 809 πάντων
994 773 1280 827 πρεφερέστείως
1302 761 1364 818 ἦεν
1386 774 1425 812 2.

257 826 295 891 §.
332 828 378 874 3.
447 828 619 874 Cursus
650 837 748 873 erat
783 826 897 874 alius
925 827 1176 892 pedestris,
1216 828 1332 876 aiius
1375 826 1616 895 equestris.

189 891 402 940 Priorem
424 894 567 939 edicit
606 892 808 940 Achilles
825 930 837 952 ,
872 893 946 939 his
974 893 1132 940 verbis
1154 910 1289 940 usus:

312 957 528 1021 ''Opvv59⁷,
561 964 593 1004 οἳ
612 965 676 1005 καὶ
712 965 834 1004 ‘scursa
859 960 992 1005 ἀέθλου
1022 964 1242 1022 πειρήσεσθε
1264 959 1302 1006 5.

193 1024 357 1090 Itaque
386 1025 439 1071 in
466 1041 654 1070 arenam
681 1023 925 1070 descendit

307 1093 451 1144 ’Όστες
480 1093 724 1154 ἐλαφρότατσς
746 1095 856 1136 ποσσὶ
879 1101 1083 1152 κραιπναῖσι
1107 1093 1249 1137 πέὶοιτο
1270 1088 1309 1137 4.

190 1155 432 1203 Prodeant
461 1164 619 1202 autem
647 1155 786 1222 Ajux,
826 1154 951 1202 Oilei
988 1156 1133 1214 filius,
1168 1156 1360 1219 Ulysses
1401 1163 1450 1202 et
1488 1156 1621 1204 Anti-

191 1221 381 1280 lochuS,
415 1221 496 1286 qui
531 1220 694 1267 eadem
740 1238 903 1267 omnes
942 1221 1064 1268 linea
1107 1219 1324 1279 adstant,
1359 1227 1453 1268 στὰν
1481 1225 1519 1269 δὲ
1552 1243 1622 1284 με·

192 1295 399 1350 ταστοιχεί.
445 1286 674 1345 Achilles,
710 1286 808 1334 ludi
832 1304 1046 1352 praeses,
1083 1287 1238 1334 locum
1265 1289 1504 1334 certaturis
1536 1288 1621 1334 de-

194 1353 330 1412 finit,
363 1370 455 1418 quo
491 1361 711 1411 currant,
756 1353 976 1418 praemiis
1012 1369 1067 1398 eo
1108 1352 1212 1399 loco
1244 1354 1434 1418 positis,
1467 1369 1491 1398 a
1529 1372 1624 1418 quo

194 1435 384 1467 cursum
417 1417 603 1465 inibant
626 1456 638 1478 ‚
676 1419 758 1483 qui
797 1418 923 1464 idem
953 1418 1238 1465 certantibus
1273 1428 1393 1465 esset
1428 1429 1622 1466 conten-

193 1484 336 1531 tionis
373 1484 619 1532 terminus.
687 1490 728 1531 A
764 1483 884 1530 linea
917 1485 1084 1548 igitur,
1124 1503 1266 1549 quam
1289 1484 1516 1542 diximus,
1549 1487 1624 1533 α’πό

197 1550 415 1605 νύσσης5,
466 1552 652 1596 concito
692 1567 831 1596 cursu
879 1559 1116 1596 certamen
1149 1550 1398 1614 auspicati,
1447 1559 1622 1597 metam

196 1618 394 1681 (τέρματα
417 1614 437 1648 6
473 1633 510 1664 s.
547 1621 683 1670 νύσσην
708 1617 761 1680 7)
798 1632 952 1663 versus
979 1614 1302 1676 contendunt,
1337 1615 1623 1681 quam‘circa

1521 1699 1626 1729 CUI*-

245 1816 282 1861 1)
310 1815 389 1853 vm.
425 1815 489 1853 Od.
524 1815 641 1864 vm,
676 1830 741 1854 100
772 1828 867 1863 seqq·
904 1817 971 1852 258
1001 1828 1095 1863 seqq.
1240 1814 1278 1861 2)
1304 1815 1368 1853 Od.
1401 1815 1511 1863 vm,
1545 1819 1624 1856 128.

197 1871 236 1917 3)
263 1872 306 1909 ll.
330 1872 467 1916 XXIII,
500 1874 579 1918 753.
713 1872 762 1917 4)
788 1872 831 1906 11.
866 1871 906 1907 L.
929 1871 955 1906 l·
989 1883 1038 1905 vs.
1069 1874 1148 1918 749.
1285 1873 1333 1915 5)
1373 1871 1485 1914 Quam
1518 1872 1622 1910 latini

197 1938 351 1961 carceres
388 1927 625 1963 nominarunt.
681 1926 765 1964 vid.
808 1925 854 1963 ll.
893 1927 934 1963 L.
966 1925 992 1961 l·
1033 1938 1082 1962 vs.
1109 1927 1184 1972 758.
1218 1934 1253 1961 et
1297 1926 1363 1960 Od.
1398 1926 1506 1972 VIII,
1542 1940 1621 1966 121.

195 1981 234 2025 6)
262 1981 342 2018 Vid.
366 1980 409 2018 11.
446 1982 487 2016 L.
511 1981 536 2018 l.
559 1993 606 2018 vs.
632 1982 697 2016 558
721 1988 756 2015 et
780 1983 857 2027 757.
977 1979 1014 2027 7)
1038 1980 1120 2017 Vid.
1157 1980 1201 2015 11.
1226 1980 1265 2017 L.
1290 1980 1316 2019 l.
1347 1993 1394 2017 vs.
1419 1983 1509 2028 552,
1534 1984 1621 2028 538,

193 2037 274 2070 544.
322 2035 458 2082 Duplex
492 2036 598 2081 igitur
633 2044 685 2071 est
722 2039 788 2069 τοῦ
829 2035 940 2079 vivon
977 2035 1182 2080 significatio
1209 2035 1295 2082 (vid.
1319 2043 1391 2074 not.
1415 2038 1468 2080 5).
1518 2036 1620 2079 Quod

193 2091 245 2125 ita
270 2090 335 2124 tibi
363 2090 509 2135 explices
525 2120 534 2136 ‚
559 2099 599 2125 ut
617 2091 728 2134 νύσση
744 2091 934 2135 generatim
963 2088 1076 2124 locum
1101 2098 1222 2135 notat,
1247 2103 1314 2136 quo
1347 2103 1486 2125 currere
1521 2091 1620 2125 desi-

193 2154 297 2179 nunt:
322 2145 413 2190 quod
430 2145 460 2178 si
480 2146 642 2180 statueris
666 2158 741 2179 cum
768 2146 946 2191 Kaippenio
972 2145 1013 2179 ad
1039 2145 1081 2181 Il.
1107 2146 1146 2182 L.
1163 2145 1186 2182 l.
1212 2158 1258 2181 vs.
1274 2146 1352 2191 758.
1377 2153 1413 2179 et
1431 2153 1522 2180 meta
1547 2158 1620 2181 esse

191 2199 322 2245 poterit
342 2207 378 2233 et
399 2211 576 2235 carceres.-
600 2212 702 2246 quem
726 2208 909 2246 utrumque
933 2202 1046 2234 locum
1070 2200 1189 2246 stipite
1221 2200 1409 2234 indicatum
1436 2208 1470 2235 et
1494 2200 1622 2235 defini-

193 2263 269 2289 tum
291 2255 396 2288 fuisse
415 2256 577 2299 opinatur
599 2255 736 2291 Passov.
762 2255 797 2288 in
822 2267 853 2291 v.
889 2254 1016 2289 Contra
1037 2255 1243 2300 Heyn.Var.
1260 2255 1368 2291 Lectt.
1394 2263 1429 2290 et
1451 2255 1619 2303 Observ.,

193 2324 209 2344 n
231 2310 386 2355 quamvis
401 2309 548 2353 invitus,
575 2310 688 2354 inquit
705 2339 714 2354 ,
737 2311 872 2343 νύσσαν
896 2321 943 2344 vs.
958 2311 1034 2355 758.
1060 2309 1102 2344 de
1119 2317 1210 2344 meta
1225 2321 1366 2354 agnosco
1383 2338 1392 2353 ‚
1418 2318 1451 2344 et
1471 2309 1513 2344 de
1533 2323 1618 2345 cur-

191 2376 232 2398 su
257 2364 350 2398 cirea
374 2372 503 2397 metam
529 2365 564 2397 in
594 2364 738 2398 alteram
770 2373 902 2409 partem
941 2377 1057 2399 versus
1085 2377 1262 2409 carceres,
1286 2377 1346 2398 seu
1368 2364 1517 2409 lineam,
1544 2378 1616 2400 esse

191 2418 446 2463 accipiendam,
472 2418 507 2451 ‘m
540 2431 605 2464 qua
639 2431 687 2455 se.
710 2419 870 2453 decursus
894 2427 991 2465 parte
1019 2432 1118 2454 omne
1155 2419 1225 2453 sere
1255 2419 1455 2453 certaminis
1487 2419 1617 2454 discri-

192 2485 271 2506 men
290 2473 502 2506 versabatur.
517 2477 540 2492 '’
594 2472 689 2515 Quae
719 2475 822 2508 nimis
845 2487 926 2517 vaga
948 2474 1132 2519 videntur5
1157 2474 1314 2519 quamvis
1340 2481 1374 2507 et
1391 2475 1486 2519 prior
1507 2475 1620 2519 expli-

190 2527 289 2561 candi
314 2528 402 2561 ratio
428 2528 498 2561 suis
520 2527 653 2561 laboret
680 2528 953 2564 difficultatibus.
1005 2530 1178 2574 Τέρματα
1207 2528 1395 2571 generatim
1428 2529 1477 2562 ita
1509 2530 1617 2562 etiam

187 2583 339 2627 accipere
364 2583 470 2625 possis
487 2610 495 2626 ‚
518 2590 557 2616 ut
582 2583 628 2615 sit
658 2581 751 2616 iocus
779 2583 866 2617 unde
893 2592 926 2619 et
961 2596 1028 2629 quo
1061 2582 1271 2618 certantibus
1303 2591 1378 2618 erat
1404 2582 1620 2618 contenden-

186 2636 282 2674 dum.
329 2636 425 2680 Quae
445 2637 560 2671 omnia
587 2650 638 2671 me
660 2637 843 2685 peritiores
867 2638 1072 2683 dijudicent·
