1750 3116
189 153 264 177 xxti
545 147 772 180 OPERIS
818 146 1242 183 CONSPECTUS.

323 251 356 293 S.
381 265 415 295 3.
459 253 512 287 De
539 254 680 286 maxima
703 254 898 287 auctoritate
928 261 963 287 et
991 256 1199 298 reverentia,
1237 257 1354 297 quibus
1387 257 1519 291 heroica

283 318 389 344 aetate
411 311 599 343 sacerdotes
623 310 820 350 gaudebant.
877 329 888 341 .
975 333 988 343 .
1076 333 1088 345 .
1175 334 1186 345 .
1276 334 1287 345 .
1373 335 1385 346 .
1447 325 1522 356 pag.
1551 315 1603 351 16,

327 367 360 408 §.
384 377 419 407 4.
464 366 565 409 Casta
595 366 807 399 sacerdotalis
836 375 902 399 non
931 367 1007 400 fuit.
1064 367 1260 410 Sacerdotes
1296 369 1426 400 creabat
1460 379 1522 410 po·

283 421 393 462 pulus.
478 441 493 452 .
580 443 590 453 .
677 441 690 454 .
775 444 787 454 .
875 444 886 453 .
975 443 988 455 .
1076 443 1087 454 .
1175 443 1186 454 .
1275 444 1285 454 .
1375 445 1386 456 .
1473 445 1486 458 .
1553 434 1605 466 17·

325 476 358 516 §.
381 486 415 517 5.
460 476 516 507 Ad
543 476 761 510 sacerdotium
784 485 819 510 et
841 477 906 510 viri
931 477 1185 511 admittebantur
1210 487 1244 511 et
1267 479 1426 522 feminae,
1449 490 1522 513 cum

281 533 439 574 conjuges
460 540 528 564 tum
556 531 713 564 coelibes.
781 554 791 564 .
879 556 891 566 .
981 554 992 564 .
1081 554 1093 565 .
1181 554 1191 565 .
1277 554 1289 565 .
1378 556 1389 567 .
1476 558 1487 567 .
1555 543 1607 575 17.

324 593 356 632 §.
380 590 415 621 6.
461 590 512 620 De
533 588 740 622 sacerdotum
765 589 842 621 sede
865 596 964 629 atque
984 588 1127 623 fortuna.
1173 610 1185 621 .
1275 610 1286 621 .
1374 611 1386 622 .
1475 613 1486 624 .
1554 591 1607 623 18.

195 650 303 688 Caput
323 648 368 678 V.
415 647 467 678 De
491 643 768 675 Lustrationibus.

324 702 356 743 §.
383 711 414 734 1.
460 702 535 732 Non
566 698 628 730 nisi
654 700 724 739 puri
754 699 967 740 manibusque
1001 699 1078 732 lotis
1107 701 1201 732 Deos
1229 699 1381 731 colebant
1414 707 1449 737 et
1470 700 1523 733 vel

277 765 393 790 vestes
420 755 595 795 aliquando
613 755 811 805 mutabant:
841 755 1012 795 Achilles,
1041 755 1229 796 priusquam
1257 757 1398 797 libaret,
1423 766 1524 798 pocu-

280 815 347 847 lum
369 821 523 853 purgasse
546 812 695 844 traditur.
771 832 781 843 .
871 832 882 843 .
975 833 986 845 .
1075 834 1086 844 .
1173 834 1185 844 .
1272 835 1284 845 .
1372 835 1384 845 .
1474 837 1486 848 .
1556 817 1609 849 18.

328 869 362 910 §.
387 879 420 902 2.
466 869 504 900 In
537 866 782 908 purgationibus
815 877 898 909 aqua
929 868 1137 910 potissimum
1173 869 1258 902 salsa
1285 872 1462 905 utebantur
1492 880 1526 905 et

279 926 447 965 sulphure.
579 944 591 955 .
679 943 691 954 ο
778 943 790 955 ι
878 944 890 955 0
977 945 988 957 ο
1076 945 1088 957 0
1177 946 1188 956 ι
1276 947 1288 958 0
1374 948 1386 960 0
1472 949 1485 960 ·
1553 937 1606 970 19·

318 984 349 1020 §.
373 991 405 1019 3·
452 979 505 1009 De
525 977 651 1018 causis,
678 977 795 1018 quibus
815 977 1018 1010 lustrandum
1039 987 1111 1011 esse
1134 980 1324 1013 censebant.
1377 1003 1390 1016 .
1477 1003 1488 1014 .
1550 991 1608 1015 20.

195 1025 304 1076 ,Caput
325 1036 390 1067 Vt.
436 1035 488 1069 De
508 1034 663 1066 Precibus
689 1040 723 1066 et
743 1035 854 1068 Votis·

322 1091 354 1131 ξ.
380 1102 424 1137 ι..
456 1093 508 1123 De
531 1089 595 1130 iis,
631 1099 713 1130 quae
741 1091 780 1122 ad
805 1099 920 1130 preces
948 1088 1129 1121 fundendas
1154 1095 1297 1128 votaque
1323 1091 1529 1131 suscipienda

284 1150 437 1192 mortales
467 1134 612 1188 obligare
644 1145 936 1177 existimabantur:
976 1154 1018 1177 ex
1044 1145 1118 1177 Diis
1142 1153 1249 1178 autem
1280 1146 1333 1178 alii
1362 1147 1443 1180 alios
1467 1157 1527 1181 ve.

280 1206 502 1250 nerabantur,
526 1212 626 1246 prout
649 1201 804 1242 cujusque
831 1201 955 1234 auxilio
980 1200 1183 1241 indigebant.
1278 1222 1289 1232 .
1377 1223 1389 1234 .
1479 1225 1490 1235 .
1557 1215 1613 1239 21.

326 1261 357 1301 ς.
383 1271 416 1298 2.
462 1262 499 1292 In
525 1261 614 1292 omni
632 1259 768 1298 alicujus
792 1258 951 1290 momenti
971 1257 1105 1298 negotio
1123 1248 1335 1296 suscipiendo
1356 1257 1431 1289 Diis
1449 1268 1527 1299 sup·

281 1320 465 1362 plicabant‚
479 1318 518 1348 ab
537 1317 662 1356 iisque,
678 1323 715 1347 ut
730 1317 814 1346 bona
827 1312 910 1350 sibi,
925 1314 971 1345 ita
985 1312 1127 1344 inimicis
1139 1311 1221 1344 mala
1236 1302 1511 1364 impr-ecebantur.
1555 1326 1611 1350 22.

326 1379 357 1418 s.
381 1387 413 1416 3.
459 1375 711 1417 Davom-rum,
741 1371 859 1410 quibus
888 1371 981 1402 Deos
1012 1375 1208 1417 exorarent,
1239 1367 1272 1398 in
1302 1367 1403 1399 variis
1430 1370 1528 1404 rebus

282 1432 541 1474 nuncupatione.
677 1449 687 1458 .
777 1448 787 1457 .
875 1447 887 1457 .
976 1446 988 1457 .
1077 1445 1088 1458 .
1183 1444 1194 1455 .
1281 1443 1294 1456 .
1383 1446 1395 1457 .
1434 1472 1438 1475 ⁵
1483 1448 1494 1459 .
1559 1439 1616 1473 22-

327 1493 359 1533 §.
383 1501 416 1530 4.
463 1489 552 1520 Vota
578 1483 732 1528 religiose
753 1481 1007 1523 persolvebant,
1030 1479 1063 1511 in
1093 1488 1198 1519 eoque
1219 1479 1450 1532 negligentiam
1473 1483 1532 1517 Dii

285 1544 479 1589 gravissime
506 1542 654 1586 ferebant
678 1547 712 1571 et
734 1539 925 1583 puniebant.
984 1557 994 1567 .
1080 1556 1094 1566 .
1181 1555 1192 1566 .
1281 1556 1292 1566 .
1379 1558 1391 1569 .
1481 1560 1491 1571 ,
1558 1549 1616 1581 23·

331 1601 362 1642 §.
388 1612 421 1644 5,
475 1601 550 1640 Quo
577 1594 732 1628 libentius
763 1592 896 1624 numina
921 1601 1036 1632 pre-ces
1057 1590 1274 1630 exaudirent,
1310 1592 1532 1632 supplicantes

285 1657 446 1697 sacrificja
469 1662 524 1686 ant
555 1653 640 1693 dona
667 1656 760 1696 antea
789 1647 863 1678 Diis
889 1646 999 1677 oblata
1026 1647 1353 1684 commemorabant3
1380 1656 1446 1688 quo
1473 1648 1531 1682 fie.

283 1716 364 1754 bat,
386 1720 422 1744 ut
447 1710 480 1742 in
498 1713 588 1743 Deos
604 1730 618 1746 ,
647 1705 676 1738 si
700 1705 833 1746 quando
855 1702 957 1742 petita
983 1701 1163 1733 abnuerent
1179 1724 1190 1740 ‚
1213 1702 1332 1733 acriter
1356 1702 1531 1744 aliquando

282 1770 528 1805 inveherentur.
578 1784 591 1796 .
679 1782 690 1794 .
779 1780 791 1792 .
878 1779 890 1790 .
982 1779 994 1789 .
1080 1779 1092 1790 .
1181 1779 1193 1790 .
1280 1778 1292 1788 .
1381 1779 1392 1790 .
1479 1781 1493 1793 .
1557 1772 1612 1803 23,

324 1824 358 1864 ἓ.
380 1823 422 1865 6.
462 1823 525 1865 De⁴
539 1819 677 1867 ritibus,
701 1824 784 1867 quos
809 1814 842 1846 in
866 1811 1018 1853 precibus
1042 1812 1240 1853 fundendiS,
1263 1814 1492 1849 observarunt.
1556 1829 1613 1860 24.

327 1880 360 1921 ἓ.
384 1890 419 1922 7.
464 1879 516 1910 De
540 1875 646 1914 locis,
670 1873 789 1914 quibus
809 1879 926 1912 preces
947 1868 1127 1901 faciebant.
1178 1890 1190 1902 .
1278 1891 1290 1901 .
1377 1891 1390 1902 .
1478 1894 1490 1909 ,
1555 1884 1613 1917 25,

328 1933 359 1974 §.
384 1936 417 1968 8.
464 1933 517 1964 De
542 1929 663 1971 ejulatu
693 1929 726 1961 in
753 1927 906 1970 precibus
929 1936 947 1959 a
972 1925 1167 1959 mulieribus
1185 1925 1290 1960 edito.
1377 1948 1389 1959 .
1479 1951 1492 1962 .
1556 1941 1612 1972 25,

195 1973 411 2036 paputx'm.
455 1986 700 2033 DeVVicttmis.

327 2047 358 2087 §0
383 2054 414 2078 ι.
456 2045 549 2086 Quae
569 2041 724 2074 mortales
747 2038 860 2080 opinio
879 2036 1067 2078 induxerit,
1090 2043 1126 2069 ut
1143 2046 1235 2070 sacra
1256 2036 1331 2069 Diis
1355 2035 1531 2080 offerrent,

287 2111 328 2145 ex
349 2101 494 2144 Homero
515 2100 711 2145 declaratur.
787 2116 802 2130 0
888 2118 901 2128 .
989 2117 1000 2127 ·
1085 2115 1098 2128 .
1181 2115 1196 2128 .
1280 2113 1293 2126 .
1379 2113 1395 2127 .
1479 2115 1491 2126 .
1556 2105 1613 2137 25.

323 2156 355 2196 §.
379 2166 413 2189 2.
457 2155 678 2188 Victimarum
698 2153 860 2187 delectus.
985 2172 997 2186 0
1085 2173 1098 2183 .
1182 2173 1194 2184 .
1279 2172 1290 2182 .
1377 2171 1388 2182 .
1475 2171 1489 2183 .
1556 2153 1612 2188 26.

325 2210 357 2251 §-
383 2223 416 2253 3.
462 2212 612 2254 Quatuor
639 2209 814 2251 praecipue
844 2207 1028 2253 animalium
1063 2216 1180 2250 genera
1214 2203 1289 2239 Diis
1322 2205 1529 2246 mactabant,

282 2269 429 2307 bovem,
450 2277 548 2299 ovem
563 2289 574 2306 ‚
599 2275 728 2306 captum
757 2273 792 2297 et
809 2274 914 2296 suern.
988 2287 1000 2297 .
1088 2285 1099 2295 .
1184 2284 1198 2296 .
1282 2283 1292 2293 .
1381 2281 1393 2292 .
1481 2283 1492 2294 .
1557 2262 1614 2296 26.

323 2322 356 2362 ἓ.
379 2334 413 2364 4.
460 2320 625 2353 Animalia
649 2329 715 2351 non
743 2319 929 2359 promiscue
949 2319 1121 2359 omnibus,
1144 2320 1202 2352 sed
1229 2315 1367 2358 singulis
1384 2316 1530 2357 gratissi-

280 2390 334 2414 ma
361 2377 611 2412 sacrificabant:
635 2377 716 2409 haec
743 2376 928 2417 singulatim
951 2376 1106 2415 deinceps
1126 2382 1350 2408 recensentur.
1400 2395 1411 2406 .
1479 2396 1492 2407 .
1558 2383 1612 2417 27.

322 2437 360 2476 ς.
387 2420 427 2475 5.·
477 2420 609 2466 Pulchri
638 2434 748 2465 studio
782 2432 873 2464 ducti
907 2418 1021 2462 boum*
1042 2440 1163 2464 cornua
1191 2440 1269 2463 auro
1295 2440 1312 2462 a
1345 2429 1533 2474 χρυσοχόῳ

280 2490 404 2527 obduci
428 2489 597 2521 curabant.
690 2510 701 2522 .
785 2510 796 2520 .
883 2508 895 2519 .
983 2507 993 2518 .
1086 2509 1098 2520 .
1185 2508 1197 2520 .
1283 2509 1294 2522 .
1383 2510 1393 2521 .
1482 2510 1494 2522 .
1560 2490 1614 2523 28.

329 2546 362 2587 S.
384 2545 420 2578 6.
467 2545 682 2576 Victimarum
705 2551 857 2574 numerus
879 2541 964 2574 haud
993 2551 1122 2582 semper
1140 2541 1226 2574 idem
1252 2543 1335 2584 suit,
1358 2553 1397 2576 ne
1418 2544 1449 2576 in
1471 2544 1530 2576 he-

284 2603 446 2638 tammbie
467 2602 623 2641 quidem,
647 2608 729 2639 quae
751 2607 811 2629 nee
831 2597 924 2627 unice
947 2598 1053 2628 bobus
1080 2598 1288 2630 constabant.
1376 2619 1388 2632 .
1475 2621 1487 2632 .
1555 2600 1611 2632 28.

321 2660 353 2700 3,
379 2669 410 2690 -,
461 2659 578 2694 Loca,
602 2652 720 2696 quibus
749 2650 984 2693 immolabant,
1010 2651 1153 2694 publica.
1276 2675 1289 2688 .
1379 2675 1390 2687 .
1479 2675 1489 2685 .
1557 2662 1610 2693 29.

378 2681 390 2700 l
1517 2710 1548 2750 S.
1575 2710 1606 2744 8.
