1780 3120
588 141 1165 195 HOMERICA.
1478 140 1567 190 311

154 274 368 322 universe
387 271 447 320 de
482 273 699 321 omnibus
720 272 965 320 adfirmare
991 271 1128 319 licet:
1165 272 1252 337 ipsi
1287 271 1462 319 scilicet
1487 272 1570 319 he-

155 356 259 386 roes
287 340 427 387 remis
446 338 781 386 incumbebant
806 350 841 385 ².
910 340 1004 398 Qui
1028 338 1221 399 remiges
1242 375 1253 395 ,
1290 337 1373 384 ubi
1399 354 1567 384 navem

155 403 520 452 conscenderant
551 405 708 470 (quod
747 414 816 451 est
847 410 1058 462 ἀναβαίνειν
1087 403 1160 449 vel
1201 405 1430 465 ἐπιβαίνειν)
1465 406 1570 457 κλητ-

154 482 195 518 σι·
215 475 385 528 κάθιζον,
418 486 504 534 per
539 478 735 517 transtra
776 469 1078 516 considebant
1100 480 1137 513 2.
1188 468 1380 530 Proprie
1408 478 1566 514 autem

149 537 316 593 κλεῖδες,
364 534 634 582 a'clavibus
682 536 984 585 similitudine
1028 534 1193 589 ducta,
1245 532 1466 580 dicuntur
1511 533 1564 580 in

148 601 339 647 navium
379 610 576 665 utroque
612 600 752 647 latere
795 610 952 665 aperta
992 600 1247 655 foramina,
1293 596 1460 663 quibus
1496 615 1568 644 re·

147 667 213 713 mi
261 667 455 713 immissi
488 665 599 714 loris
646 666 862 715 coriaceis
902 666 1159 730 illigantur,
1207 673 1259 711 ut
1299 667 1398 729 ipse
1444 662 1565 710 affir-

147 740 244 778 mat
272 731 533 778 Homerus:

277 795 503 860 Ἦρτύναντο
523 795 559 842 δ’
586 803 724 860 έρετμὰ
752 810 896 860 τροποῖς
924 798 964 843 ἐν
992 798 1244 859 δερματίνοισι

285 865 421 908 Πάντα
452 867 550 908 κατὰ
579 878 707 927 μοῖραν
733 870 769 908 3.

145 926 353 991 Tropice
371 942 479 974 vero
496 930 658 975 eadem
678 946 762 975 vox
786 929 921 980 κλεῖδες
947 936 1143 974 transtra
1161 926 1392 991 significat
1407 965 1421 987 ,
1443 946 1562 994 quae

145 990 255 1037 alias
281 998 376 1054 ζυγὰ
412 992 703 1056 appellantur
727 995 766 1040 4.
830 992 1082 1050 Tabulata,
1114 1000 1245 1056 ἰ’κριοι,
1279 994 1329 1039 in
1364 995 1560 1042 navibus

143 1057 407 1106 Homericis
431 1074 618 1121 proram
657 1068 838 1106 tantum
873 1067 919 1104 et
951 1058 1149 1122 puppim
1189 1057 1356 1104 texisse
1399 1059 1567 1109 viden-

142 1131 218 1169 tur
241 1121 291 1177 5,
334 1123 398 1169 ita
425 1131 478 1168 ut
528 1124 680 1171 media
722 1125 849 1170 navis
900 1132 1102 1188 pateret,
1155 1124 1203 1169 in
1240 1141 1328 1188 qua
1367 1133 1562 1175 transtra

145 1196 306 1244 erant,
337 1189 416 1252 qui
445 1187 572 1236 locus
601 1189 755 1237 lliadis
783 1187 901 1235 libro
932 1188 1113 1234 decimo
1141 1188 1304 1254 quinto
1334 1207 1445 1236 voce
1469 1196 1562 1254 θρῆ-

144 1274 205 1299 ννν
241 1271 265 1299 a
296 1254 437 1301 Poeta
462 1254 728 1317 designatus
767 1271 866 1303 esse
898 1253 1081 1301 videtur
1104 1254 1140 1301 6.
1208 1255 1265 1300 In
1302 1255 1453 1321 puppi
1492 1273 1563 1302 se-

142 1317 286 1365 debat
326 1317 634 1382 gubernator,
669 1330 716 1367 et
762 1321 919 1373 clavo,
955 1321 1186 1381 πηδαλίῳΊ,
1224 1337 1389 1366 navem
1426 1337 1558 1383 rege-

139 1382 250 1443 bat,
286 1400 387 1430 eam
422 1383 542 1431 clavi
583 1396 762 1452 partem
797 1403 938 1432 manu
986 1394 1181 1442 tenens,
1228 1403 1346 1450 quae
1388 1386 1558 1434 dicitur

139 1452 237 1504 οἵοιξ.
306 1450 379 1496 De
403 1449 569 1514 Ulysse
601 1453 850 1498 Homerus:

274 1519 375 1576 Πρὸς
402 1513 439 1560 δ’
466 1516 546 1581 ἄρα
567 1519 740 1573 πηδαλιον
772 1525 948 1571 ποιήσατο
965 1552 979 1576 ,
1013 1515 1095 1581 ἔφρ’
1122 1520 1226 1563 ἰθύνοι
1249 1517 1272 1552 8

138 1586 185 1626 et
220 1579 378 1627 addit:

268 1649 398 1710 Φράξε
427 1648 468 1693 δέ
491 1668 553 1710 μιν
573 1651 723 1712 ῥύτεσσι
753 1649 952 1709 διαμπερὲς
978 1649 1154 1707 οἰσυΐνῃσι
1170 1683 1182 1702 ,

135 1727 252 1774 quae
286 1711 478 1777 quidem
519 1712 659 1760 verba
689 1713 747 1760 cle
782 1712 987 1760 cratibus
1018 1710 1206 1774 salignis
1236 1713 1552 1778 interpretor,

137 1776 306 1840 quibus
338 1776 558 1825 interiora
582 1778 712 1825 navis
754 1777 897 1824 latera
930 1785 1093 1823 contra
1136 1777 1369 1825 undarum
1402 1779 1551 1846 impe-

137 1849 239 1888 tum
269 1841 573 1891 muniebant:
610 1849 771 1906 κύματος
795 1841 905 1907 εἶλαρ
927 1842 1015 1905 ἔμεν
1039 1852 1076 1888 9.
1430 1909 1454 1974 ς
1506 1909 1534 1958 3

185 2047 223 2092 ι)
248 2046 330 2081 vid.
367 2046 409 2083 Il.
434 2045 484 2083 ΙΙ.
517 2058 593 2093 719.
630 2054 666 2081 et
687 2046 790 2091 XIX,
813 2048 858 2082 42
881 2058 977 2092 seqq.
1133 2047 1171 2092 α)
1199 2046 1277 2081 vid.
1302 2047 1367 2084 Od.
1395 2047 1455 2094 11,
1476 2050 1557 2096 4¹9·

137 2101 175 2146 5)
201 2101 266 2138 Od.
286 2101 361 2146 lv,
384 2104 464 2148 782.
513 2100 568 2137 Cf.
588 2100 702 2146 VIII,
726 2102 772 2136 53
790 2113 860 2147 seq.
894 2101 981 2146 XII,
1006 2102 1085 2139 400.
1219 2102 1258 2145 4)
1286 2102 1367 2139 vid.
1401 2103 1464 2140 od.
1482 2104 1556 2150 IX,

138 2168 194 2203 99.
220 2155 326 2200 XIII,
352 2169 406 2192 21.
453 2154 506 2191 Ab
530 2163 676 2201 utroque
694 2155 803 2189 latere
828 2156 932 2190 remis
953 2156 1143 2200 agebantur
1160 2168 1262 2190 naves
1279 2183 1289 2203 ‚
1311 2156 1398 2191 unde
1424 2158 1558 2198 ἀμφιέ-

134 2211 257 2244 λισσαι
274 2219 449 2247 vocantur.
572 2210 611 2254 5)
642 2209 716 2247 vid.
742 2210 786 2245 Il·
806 2209 889 2255 XV,
913 2211 993 2256 676.
1026 2211 1091 2244 Od.
1112 2211 1175 2245 XII
1191 2239 1201 2256 ,
1223 2223 1311 2256 229,
1334 2213 1413 2248 414.
1449 2212 1554 2258 XIII,

137 2267 182 2310 74
203 2277 273 2311 seq.
429 2264 467 2309 6)
493 2264 574 2301 Vid.
593 2264 637 2298 Il.
661 2263 743 2310 XV,
771 2277 844 2311 729.
893 2264 946 2298 De
976 2277 1008 2301 v.
1042 2267 1154 2310 θρην.
1193 2265 1285 2299 haud
1320 2278 1436 2300 omnes
1470 2278 1556 2300 con-

133 2321 297 2357 sentiunt.
344 2319 424 2355 vid.
450 2320 564 2365 Heyn.
587 2318 630 2352 ad
653 2318 716 2355 l.1.
742 2326 777 2353 et
798 2318 872 2355 alii.
921 2319 1058 2356 Passov.
1087 2320 1169 2357 Lex.
1198 2319 1239 2353 de
1265 2328 1459 2354 transversa
1480 2327 1557 2355 tra..

133 2372 175 2407 be
200 2385 314 2408 vocem
335 2375 485 2420 accipit,
509 2373 568 2408 cui
589 2381 740 2408 transtra
772 2373 1022 2411 innitebantur.
1177 2374 1214 2421 7)
1241 2374 1340 2416 Quod
1362 2374 1425 2410 Od.
1446 2373 1554 2420 xlv,

131 2429 211 2461 550.
238 2428 363 2465 ξεστὸν
385 2430 576 2468 ἐφόλκαιον
603 2435 832 2475 nuncupatur.
979 2429 1017 2473 8)
1043 2428 1109 2466 Od.
1131 2429 1182 2473 V,
1206 2431 1284 2465 255.
1419 2427 1457 2473 9)
1483 2428 1549 2465 Od.

133 2482 174 2517 L.
200 2481 224 2517 l.
249 2494 295 2519 vs.
319 2485 385 2519 256
403 2495 476 2530 seq.
522 2484 577 2518 Cf.
602 2483 741 2520 Passov.
764 2483 800 2517 in
828 2495 859 2520 v.
885 2484 1137 2527 ἔπηγκενίδες.
1178 2482 1250 2517 Alii
1273 2483 1316 2514 τὸ
1337 2495 1398 2522 μιν
1419 2481 1462 2516 ad
1484 2493 1552 2526 gu-

131 2535 354 2572 bernaculum
390 2538 559 2575 referunt.
605 2538 688 2575 vid.
724 2538 859 2582 Goguet
888 2538 952 2583 Op.
984 2538 1007 2574 l.
1039 2537 1108 2574 vol.
1135 2536 1186 2571 11.
1219 2549 1252 2582 p.
1284 2549 1331 2573 m.
1362 2548 1428 2582 299
1451 2547 1546 2583 seqq.

132 2590 446 2639 quomodocumque
468 2593 582 2629 locum
604 2594 864 2640 interpreteris,
888 2585 1066 2629 intellectu
1093 2599 1146 2627 est
1167 2590 1406 2629 difficillimus.

1084 2651 1161 2689 γά
