1780 3120
219 151 308 219 ¹90
559 149 1250 213 ANTIQUITAS

208 284 309 331 fusa
340 291 478 342 sunt,
524 300 643 350 quae
681 282 739 330 de
768 282 906 330 domo
941 285 991 331 in
1029 287 1203 336 Poetae
1240 286 1522 336 carminibus
1546 307 1624 338 oc-

208 358 436 410 currunt,
480 349 531 396 in
581 348 750 414 quibus
786 350 1084 396 enucleandis
1125 360 1172 397 et
1208 353 1332 399 inter
1375 372 1422 401 se
1467 358 1627 403 conci-

210 413 382 476 liandis
434 415 603 461 frustra
661 415 842 478 saepius
889 414 1177 462 desudarunt
1222 418 1310 464 viri
1342 420 1626 470 Doctissimi.

204 480 490 527 Paucissima
517 481 690 545 quippe
715 481 773 525 de
800 480 1137 528 architecturae
1156 519 1168 539 ‚
1205 481 1404 531 heroicis
1432 486 1626 551 quidem

204 546 518 610 temporibus,
554 544 821 595 conditione
843 544 978 591 nobis
996 547 1331 594 innotuerunt:
1368 554 1493 598 varia
1517 561 1629 599 sunt

206 610 285 658 hic
333 611 426 657 illic
468 610 671 675 dispersa
721 628 773 658 ac
813 612 890 659 vix
936 612 1290 677 conjungenda,
1327 632 1444 680 quae
1484 618 1631 664 tradi-

209 677 279 723 dit
309 677 568 723 Homerus:
604 676 805 742 plurima
850 677 1045 724 turbant
1075 678 1356 726 Scholiastae
1394 698 1482 728 nec
1515 683 1630 730 alter

207 739 338 789 alteri
363 743 608 801 convenit3
645 742 837 808 quibus,
872 760 932 790 ne
956 741 1092 807 plura
1120 745 1271 791 dicam
1289 783 1300 805 ‚
1333 747 1506 793 factum
1532 757 1629 805 est,

206 817 261 854 ut
292 826 423 855 suam
454 809 648 873 quisqiie
687 809 780 854 fere
820 811 1051 872 interpres
1098 809 1262 857 domus
1302 812 1498 859 formam
1539 812 1630 860 sibi

208 875 361 920 animo
390 875 613 937 fingeret,
654 872 714 918 ad
743 891 883 937 quam
916 875 1085 920 Poetae
1114 876 1260 923 verba
1292 887 1449 924 exacta
1485 878 1632 943 expli-

210 942 339 987 ‘caret
383 940 455 986 vel
495 948 839 1002 contorqueret.
910 939 1117 995 Omnes,
1168 944 1325 1004 inquit
1367 945 1627 1003 Ernestus,

208 1004 547 1070 descriptiones
601 1004 919 1050 aedificiorum
952 1040 964 1059 ,
1029 1006 1167 1051 etiam
1213 1007 1273 1052 ab
1315 1008 1425 1053 artis
1468 1011 1632 1073 peritis

206 1071 378 1126 factae,
416 1069 656 1134 ambiguae
677 1078 787 1117 sunt
818 1078 864 1115 et
892 1070 970 1116 vix
995 1069 1338 1131 intelligendae.
1406 1071 1504 1120 Nos
1527 1077 1634 1139 qui-

206 1135 315 1182 dem
343 1135 680 1200 plurimorum,
718 1137 798 1199 qui
826 1134 885 1181 de
910 1133 1101 1182 aedibus
1124 1136 1383 1184 Homericis
1411 1149 1633 1203 egerunt,

206 1204 435 1249 sententia
461 1203 668 1265 cognita,
705 1202 901 1248 Homeri
927 1204 1115 1266 ejusque
1140 1204 1447 1267 interpretum
1470 1215 1629 1252 aucto—

203 1269 388 1315 ritatem
421 1270 604 1324 secuti,
649 1284 768 1333 quae
813 1267 1124 1332 probabiliora
1159 1270 1256 1315 visa
1301 1280 1436 1330 sunt,
1483 1271 1633 1317 trade-

205 1350 326 1382 mus,
391 1334 467 1380 Me
493 1334 758 1398 peritiores,
794 1333 908 1398 quid
941 1333 1237 1380 statuendum
1277 1336 1366 1395 sit,
1402 1335 1630 1400 judicent.

213 1399 351 1458 Quod
380 1401 653 1465 priusquam
675 1399 994 1464 aggrediamur
1014 1438 1025 1457 ‚
1060 1401 1327 1465 principum
1356 1404 1631 1466 praesertim

207 1469 413 1512 virorum
455 1466 591 1512 aedes
629 1466 688 1513 ab
728 1467 935 1512 Homero
975 1465 1177 1513 describi
1220 1468 1522 1514 meminerint
1547 1469 1634 1514 Le-

206 1541 386 1590 ctores,
425 1548 485 1577 ne
531 1532 694 1578 cadem
731 1532 910 1578 ratione
957 1541 1095 1595 atque
1136 1532 1331 1578 artificio
1372 1543 1634 1580 ceterorum

207 1599 417 1643 omnium
462 1596 628 1642 domus
674 1606 927 1643 exstructas
969 1598 1057 1643 sibi
1103 1599 1319 1660 fingant:
1371 1617 1482 1663 quas
1529 1600 1632 1664 qui·

207 1661 315 1707 dem
348 1670 509 1708 tenues
537 1670 583 1705 et
612 1664 792 1707 minore
828 1670 906 1707 aut
937 1661 1061 1709 nulla
1098 1663 1193 1710 fere
1221 1673 1318 1709 arte
1357 1665 1632 1727 conspicuas

205 1728 342 1774 fuisse
374 1727 663 1790 suspicamur
684 1763 695 1782 ‚
731 1724 887 1790 quales
922 1741 1284 1772 commemorare
1323 1745 1474 1792 neque
1510 1730 1632 1793 epici

205 1793 423 1840 carminis
464 1801 630 1838 natura
672 1791 847 1838 ferebat
887 1807 977 1835 nec
1011 1791 1180 1837 Poetae
1214 1793 1400 1839 animus
1420 1802 1479 1838 ‘et
1517 1811 1631 1841 con·

199 1858 371 1905 silium.

199 1952 202 1956 ·
268 1924 311 1988 §a
347 1940 389 1970 2.
458 1923 662 1969 Domum
689 1921 977 1969 extrinsecus
998 1920 1143 1968 ambit
1168 1937 1327 1969 murus
1357 1940 1396 1972 s.
1415 1934 1628 1991 septum,

219 2030 222 2033 .
1566 2014 1632 2057 Eff-

208 2171 336 2208 schrift
367 2173 404 2206 in
438 2172 662 2214 N'erbindung
699 2169 765 2204 mit
791 2170 903 2203 einem
930 2168 1058 2202 Verein
1090 2180 1154 2202 von
1185 2169 1375 2205 Gelehrten
1397 2195 1408 2212 ‚
1439 2172 1631 2218 herausge-

198 2227 316 2273 :geben
352 2239 414 2261 von
445 2226 495 2263 M.
530 2227 563 2263 J.
592 2226 696 2262 Jahn.
730 2225 882 2271 Leipzig.
913 2225 1011 2259 1826.
1050 2223 1149 2260 's0m.
1182 2237 1210 2260 1.
1246 2225 1283 2260 P.
1303 2239 1337 2261 2.
1369 2238 1405 2271 p.
1435 2229 1503 2272 419
1534 2240 1628 2274 seqq.

196 2283 297 2322 ,Hier
318 2282 366 2317 ist
397 2282 547 2327 wieder,
570 2281 684 2327 inquit
721 2281 875 2323 Censor,
906 2278 966 2312 der
998 2277 1169 2312 durchaus
1194 2279 1384 2323 imaginare
1417 2280 1538 2316 Palast
1570 2284 1629 2317 des

193 2338 379 2384 ‚Odysseus
409 2349 473 2371 aus
509 2336 587 2370 dem
618 2335 827 2370 Vossischen
858 2334 990 2368 Homer
1014 2334 1082 2367 mit.
1114 2333 1223 2377 einige
1265 2333 1543 2381 Erweiterungen
1577 2337 1630 2372 als

201 2392 366 2440 Beyspiel
404 2393 497 2426 einer
530 2391 679 2428 Antiken
716 2388 1002 2432 Privatwohnung
1031 2389 1079 2422 im
1121 2387 1308 2423 Grundriss
1343 2390 1500 2435 gegeben.
1551 2391 1631 2426 Ho-

205 2449 417 2483 mericarum
461 2446 599 2481 aedium
647 2446 795 2479 sormam
842 2444 1024 2489 descripsit
1059 2443 1242 2489 Hippea,
1275 2443 1416 2481 Erklar.
1462 2446 1628 2483 Anmerk.

205 2515 284 2536 zum
311 2502 458 2548 H'omer.
489 2501 532 2535 ad
554 2500 597 2535 11.
622 2499 692 2545 IX,
715 2502 782 2546 469
801 2513 895 2546 seqq.
931 2507 967 2533 et
1001 2497 1225 2543 Barthelemy
1250 2526 1261 2543 ,
1295 2499 1432 2545 voyage
1465 2502 1510 2535 du
1551 2502 1630 2545 jeu-

205 2570 248 2592 ne
280 2557 490 2593 Anacharsis
522 2568 564 2591 en
595 2554 732 2600 Grece,
771 2555 868 2592 Tom.
907 2554 975 2592 111.
1004 2566 1036 2590 c.
1066 2556 1122 2592 25.
1154 2565 1188 2599 p.
1218 2565 1265 2590 m.
1302 2566 1364 2600 107
1399 2568 1494 2603 seqq.
1528 2556 1627 2594 Edit.

206 2612 349 2658 Bipont.
