1780 3120
202 158 291 220 ¹54
551 157 1238 222 ANTIQUITAS

187 287 409 336 Eundem
446 290 564 338 inter
601 311 765 359 procos
807 300 911 360 παρὰ
942 298 1061 343 λάινον
1094 296 1194 344 οὐδὲν
1239 293 1397 343 sedem
1439 302 1610 363 caper&

190 357 325 420 jussit
354 357 660 406 Telemachus

320 427 462 488 Δι’φρον
488 431 662 472 ἀεικέλιον
689 429 892 488 ποιροεθεῖς,
929 430 1051 487 ὀλίγην
1076 442 1117 470 τε
1153 433 1341 488 τράπεζαν
1363 438 1399 475 ².

186 486 294 552 Ipsa
321 505 505 554 quoque
533 491 767 555 Penelope
796 494 912 556 δίφρῳ
944 489 1147 548 insedit,
1184 508 1292 538 cum

319 589 332 601 .
368 592 381 604 .
419 591 430 602 .
469 593 478 601 .
514 566 764 611 κατάνστησιν
792 563 923 618 Θεμένη
955 560 1182 621 περικαλλέα
1210 558 1334 620 δίφρον

316 620 481 683 Ἀνδρῶν
508 626 545 668 ἐν
574 625 787 685 μεγάροισιν
809 629 966 671 ἑκάστου
989 628 1104 683 μῦθον
1129 622 1237 669 ἄκουε
1259 635 1299 672 2.

185 684 493 749 Pauperiores
546 688 754 751 virgultis
801 689 1029 753 congestis
1067 687 1356 754 pellibusque
1393 689 1605 751 superin-

181 752 315 814 jectis
344 751 591 817 aliquando
618 753 708 801 sibi
737 754 898 802 sedem
934 754 1232 810 sternebant,
1268 762 1322 801 ut
1344 754 1605 812 Eumaeus,

183 816 266 881 qui
297 816 348 863 in
379 820 563 881 tugurio

324 887 442 930 Χεῦεν
463 886 530 931 ὕπο
556 889 708 949 χλωρὰς
729 889 858 949 ῥῶπας
874 924 886 943 ,
925 891 992 934 καὶ
1014 897 1114 941 κῶας
1138 889 1294 950 ὕπερθεν
1312 901 1327 916 “

305 947 432 995 ’Ἐνθοι
463 953 628 1004 καθέζετ’
653 950 786 999 ’ἑπειτοι
819 951 1030 1006 Ὀδυσσῆος
1063 957 1163 1016 φίλος
1184 959 1254 1005 υἵος
1277 952 1314 996 3.

249 1012 292 1075 ξ.
327 1031 374 1061 2.
440 1014 594 1074 Quem
632 1017 854 1063 conviviis
884 1017 1120 1064 assidendi
1148 1017 1363 1064 ordinem
1392 1014 1607 1065 observa·

184 1077 283 1124 rint
319 1078 513 1140 heroes,
560 1098 654 1145 quo
691 1083 848 1129 minus
889 1083 1186 1142 indicemus,
1233 1082 1608 1128 testimoniorum

183 1143 235 1188 in
286 1143 493 1193 Homero
543 1147 767 1211 prohibet
811 1149 989 1213 inopia.
1064 1149 1172 1194 Huc
1225 1147 1343 1193 forte
1396 1156 1601 1211 spectat,

180 1208 339 1273 quod,
392 1227 499 1258 cum
548 1212 836 1260 Achivorum
883 1214 1054 1274 legatos
1106 1213 1321 1260 convivio
1372 1213 1608 1278 exciperet

177 1275 415 1335 Achilles,
450 1294 506 1325 ex
538 1279 730 1327 adverso
773 1279 864 1327 sibi
903 1280 1128 1342 Ulyssem
1170 1277 1417 1327 considere
1444 1280 1606 1343 jussit,

179 1347 280 1387 κατὰ
306 1350 429 1404 τοίχου
454 1354 514 1391 τοῦ
554 1351 710 1409 ἑτέροιο,
743 1354 797 1391 ut
839 1347 904 1392 ait
937 1346 1083 1392 Poeta
1106 1345 1143 1391 4.
1210 1343 1443 1393 Achillem
1477 1343 1607 1391 domi

178 1423 288 1452 suae
317 1407 417 1454 loco
447 1427 472 1456 a
498 1411 634 1458 sociis
669 1411 888 1459 nonnihil
925 1420 1106 1458 remoto
1130 1410 1190 1459 ad
1220 1427 1432 1458 mensam
1456 1410 1608 1458 consi-

179 1472 372 1523 dentem
396 1475 575 1525 invenit
602 1478 840 1525 Priamus:

312 1574 582 1590 ......
617 1547 651 1588 Γ
653 1546 746 1606 έρων
781 1579 793 1589 .
832 1580 844 1591 .
879 1546 956 1596 ἰθὺς
991 1550 1066 1590 κίεν
1094 1549 1189 1589 οἴκου
1212 1577 1224 1600 ‚

309 1608 372 1666 Τῇ
398 1607 444 1668 ῥ’
468 1609 638 1669 Ἀχιλεὺς
660 1616 810 1665 ἵζεσκε,
847 1612 916 1658 Δι’ὶ·
937 1613 1052 1670 ςείλος.
1089 1615 1125 1653 ἐν
1152 1611 1193 1655 δέ
1224 1627 1289 1668 μιν
1315 1609 1424 1654 αὐτὸν

311 1670 431 1735 Essp’·
463 1675 587 1735 ἕταροι
614 1672 652 1719 δ’
673 1676 857 1721 ἀπάνευθε
888 1678 1058 1718 >efferato
1080 1674 1116 1718 5.

180 1733 405 1801 'Aliquem
439 1739 581 1800 igitur
620 1737 673 1786 in*
709 1739 901 1785 sedibus
935 1738 1221 1801 assignandis
1258 1735 1477 1785 ordinem
1511 1737 1605 1786 nisi

181 1818 368 1866 semper
404 1820 746 1868 nonnunquam
785 1813 909 1851 certe
935 1820 1140 1849 servasse
1172 1802 1394 1850 videntur
1414 1840 1424 1860 ‚
1461 1803 1522 1848 ita
1553 1812 1605 1850 ut

178 1868 230 1915 in
262 1867 426 1932 primis
466 1867 677 1917 adsidere
714 1869 1029 1917 honorificum
1080 1878 1213 1917 esset.
1282 1869 1376 1929 Qui
1411 1867 1604 1933 quidem

177 1934 445 1997 1ιοιιοιὲδρη
481 1934 722 1984 dicebatur
746 1936 791 1995 6,
837 1935 887 1981 id
932 1943 1032 1993 est,
1078 1937 1254 1999 προεδρία
1277 1946 1322 1995 7,
1360 1950 1506 1999 eoque
1552 1935 1602 1982 in

178 2000 329 2061 Lycia
370 2001 696 2049 mactabantur
739 1999 984 2066 Sarpedon
1017 2007 1065 2046 et
1115 2000 1358 2061 Glaucus,
1402 2017 1603 2067 quorum

176 2065 290 2113 ille:

318 2135 498 2192 Γλαῦκε,
532 2140 591 2189 τίη
620 2137 666 2189 δὴ
688 2144 759 2181 νῶϊ
782 2136 1052 2196 τετιμήμεσθοιι
1083 2135 1251 2195 μάλιστα

302 2199 430 2260 ’Έόρῃ
463 2219 503 2245 τε
528 2221 567 2246 κ.
591 2221 630 2249 τ.
653 2205 688 2247 λ,
716 2201 753 2246 8.

177 2261 361 2313 Eodem
392 2263 509 2311 forte
535 2265 781 2314 referenda
814 2263 1177 2330 Agamemnonis
1206 2263 1265 2311 ad
1288 2262 1602 2312 Idomeneum

1498 2346 1604 2378 ver-

223 2499 262 2544 1)
286 2499 350 2534 Od.
373 2500 449 2544 XX,
473 2501 553 2546 259.
648 2500 686 2544 2)
712 2500 777 2536 Od.
801 2500 841 2536 L.
860 2499 884 2535 l.
908 2511 957 2535 vs.
984 2500 1072 2544 587,
1093 2499 1172 2543 589.
1277 2497 1315 2541 5)
1340 2497 1404 2531 Od.
1428 2496 1529 2543 XVI,
1552 2497 1600 2544 47

177 2568 250 2600 seq.
352 2553 392 2598 4)
418 2554 461 2590 ll.
479 2554 527 2588 IX
543 2583 552 2599 ,
576 2556 641 2590 218
662 2567 733 2600 seq.
759 2554 802 2588 ad
827 2567 860 2599 q.
883 2553 908 2587 l.
947 2553 991 2590 cf.
1022 2554 1134 2598 Heyn.
1161 2550 1242 2587 Var,
1264 2552 1375 2588 Lecu.
1398 2560 1432 2586 et
1453 2553 1599 2586 Observ-

177 2611 216 2652 ὁ)
244 2610 286 2643 Il·
310 2609 443 2654 XXIV,
467 2611 535 2655 475
554 2622 647 2655 seqq.
773 2609 811 2653 6)
839 2609 920 2645 Vid.
945 2608 990 2646 Il.
1011 2607 1117 2650 VIII,
1144 2609 1219 2642 162.
1346 2606 1383 2652 7)
1411 2607 1491 2640 Vid.
1521 2607 1598 2642 Eu-

176 2665 282 2701 stath.
311 2672 347 2700 et
369 2663 483 2700 Schol.
505 2664 546 2702 Β.
573 2664 614 2698 ad
638 2664 680 2701 11.
702 2664 776 2710 lv,
800 2667 863 2710 257
888 2677 982 2710 seqq.
1076 2662 1116 2708 8)
1141 2661 1184 2698 11.
1205 2660 1290 2706 XII,
1316 2662 1380 2697 διο
1404 2673 1501 2707 seqq.
