1780 3120
575 127 1148 183 HoMaach.
1479 128 1574 195 347

163 258 414 316 Diomedes

293 359 548 374 ......
580 329 778 382 Παιςνίὸην
806 327 1034 388 &supa-alut&
1052 326 1258 387 ἐξενάριξεν
1283 336 1317 373 ¹.

162 392 306 442 Unde
328 390 496 449 fiebat,
530 400 584 437 ut
612 392 780 439 Nestor
809 391 996 439 Achivis
1039 392 1132 438 suis
1165 391 1482 455 praeciperet.
1516 406 1576 438 ne

164 460 305 506 caesis
347 455 603 522 spoliandis
645 458 877 504 immorati
912 456 1065 503 hostes
1113 458 1328 520 persequi
1372 455 1575 519 neglige-

162 533 267 571 rent
290 535 326 569 2.
396 524 468 569 Ex
509 522 765 588 eademque
806 522 1004 587 praedae
1041 521 1278 568 faciendae
1318 522 1573 585 eupiditate

158 587 486 654 explicandum
530 597 626 644 est,
662 587 815 653 quod,
853 587 935 634 ubi
972 587 1030 633 de
1075 586 1373 635 cadaveribus
1405 586 1463 632 ad
1500 602 1574 632 se-

157 658 392 721 pulturam
440 652 693 700 reddendis
741 654 1032 701 conditiones
1069 654 1187 699 fiunt
1220 652 1291 698 vel
1327 652 1572 711 induciae,

159 721 322 766 victori
356 729 514 765 tamen
542 735 696 765 caesos
715 719 853 765 armis
879 718 1133 781 ceterisque
1154 755 1166 773 ,
1203 734 1319 781 quae
1345 716 1575 775 habeant,

159 785 354 850 spoliare
389 784 556 841 liceat,
605 785 870 848 priusquam
926 784 1019 828 suis
1064 782 1305 829 tradantur
1328 783 1365 829 5.
1441 784 1572 841 Quae

157 860 312 896 autem
352 847 559 895 hostibus
593 850 754 895 occisis
791 848 1084 895 detraxerant
1122 849 1355 905 victores,
1387 858 1571 912 partem

155 916 267 978 ipsis
303 915 354 960 in
395 912 579 960 laudem
625 923 762 979 atque
803 913 1053 960 utilitatem
1100 913 1351 970 cedebant,
1399 914 1569 977 partim

152 981 253 1026 Diis
295 995 350 1024 ex
379 987 486 1025 voto
510 979 532 1011 4
576 978 930 1026 dedicabantur.
996 978 1248 1026 Diomedes
1285 994 1357 1025 ex,
1395 996 1464 1041 gr.
1501 987 1567 1024 at-

152 1062 243 1109 que
272 1043 463 1107 Ulysses
503 1046 621 1091 caesi
654 1043 845 1090 Dolonis
883 1042 1026 1108 spolia
1058 1045 1265 1092 Athenae
1298 1051 1570 1093 consecrant

155 1120 201 1158 et
224 1111 354 1174 signo
380 1111 590 1175 apposito
621 1115 693 1156 ἀνὰ
730 1118 890 1172 μυρίκην
914 1109 1208 1157 recondunt:

284 1180 358 1221 Τοῦ
384 1175 422 1222 δ’
453 1181 525 1221 ἀπὸ
551 1179 619 1237 μὲν
648 1177 792 1230 κτιδέην
821 1185 947 1230 κυνέην
975 1179 1176 1240 κεφαλῇφιν
1198 1178 1346 1232 ἕλοντο,

281 1244 360 1286 Καὶ
387 1245 518 1294 λυκέην
537 1279 548 1298 ,
584 1246 649 1286 καί
672 1244 762 1294 τόξα
792 1245 1009 1300 mmmm,
1047 1249 1109 1287 καί
1138 1243 1225 1304 δόρυ
1257 1247 1400 1303 μακρόν
1422 1241 1445 1278 5-

151 1323 294 1370 eaque
322 1305 535 1352 manibus
563 1306 613 1351 in
651 1306 795 1352 altum
834 1305 1012 1353 sublata
1044 1306 1320 1354 solennibus
1355 1305 1430 1352 his
1466 1322 1566 1354 ver·-

151 1372 226 1426 bis
257 1376 443 1432 εὐχόμενοι
479 1372 601 1418 Deae
628 1371 855 1420 offerunt:

278 1440 431 1500 Χαῖρε,
467 1442 561 1495 θέα,
596 1440 771 1490 ‘coadesse
790 1453 804 1467 '³
840 1442 881 1484 σὲ
902 1444 977 1501 γὰρ
1003 1444 1152 1500 πρώτην
1185 1441 1222 1484 ἐν
1245 1439 1435 1501 Ὀλύμπῳ

280 1506 442 1549 Πάντων
470 1505 662 1549 ἀθανάτων
689 1503 952 1563 έπιβωσέμεθ’.
987 1506 1087 1549 ἀλλά
1107 1508 1171 1549 καὶ
1198 1500 1297 1557 αὖτις

278 1571 435 1630 Πέμψεν
456 1569 516 1614 ε’πί
544 1572 709 1630 Θρῃκῶν
735 1571 877 1631 ἀνδρῶν
906 1576 1035 1622 ‘im-reug
1065 1589 1104 1615 τε
1127 1574 1189 1614 καὶ
1215 1571 1319 1622 εὐνάς
1342 1568 1379 1618 6.

210 1630 250 1694 ξ.
294 1649 339 1678 2.
422 1634 616 1679 Praeter
671 1650 796 1679 arma
855 1643 1099 1699 ceteraque
1147 1633 1350 1680 hostium
1405 1632 1561 1692 bona,

143 1714 258 1761 quae
285 1697 396 1744 belli
433 1701 530 1763 jure
569 1698 824 1745 victoribus
856 1700 1057 1757 cedunt,
1095 1699 1182 1764 ipsi
1221 1700 1358 1744 etiam
1391 1735 1403 1756 ,
1444 1716 1561 1764 quos

143 1764 272 1808 vivos
315 1772 570 1827 ceperunt,
618 1763 817 1827 praedae
867 1773 1047 1829 partem
1090 1766 1401 1811 constituunt:
1443 1782 1559 1830 quos

143 1827 318 1874 scilicet
355 1828 429 1874 vel
466 1828 566 1875 aliis
614 1829 954 1887 divenderent,
997 1829 1071 1876 vel
1120 1830 1208 1877 sibi
1251 1847 1408 1876 servos
1459 1847 1558 1877 ser-

142 1901 308 1943 varent
341 1904 377 1940 7.
453 1894 729 1958 Captivitate
775 1912 884 1941 vero
944 1895 1129 1942 liberari
1179 1897 1363 1959 suisque
1418 1894 1554 1942 reddi

140 1966 386 2023 poterant,
437 1960 474 2006 si
521 1959 710 2006 domino
754 1961 915 2007 victori
963 1962 1169 2007 oblatum
1215 1962 1416 2025 pretium
1453 1961 1556 2025 pla-

139 2025 336 2078 cuisset:
375 2041 492 2088 quae
525 2026 724 2072 maxima
772 2025 1072 2073 redemtionis
1113 2029 1285 2091 pretia,
1330 2025 1494 2084 ἄπεινα,
1530 2044 1556 2072 a

136 2089 412 2154 parentibus
443 2089 512 2136 vel
560 2091 834 2155 propinquis
871 2091 1205 2149 offerebantur,
1239 2107 1336 2138 non
1365 2091 1555 2155 signatis

137 2156 343 2201 nummis
378 2157 661 2215 constantia,
698 2155 781 2203 sed
822 2157 1058 2221 quibusvis
1102 2157 1240 2205 rebus
1280 2157 1556 2222 pretiosissi-

138 2221 251 2276 mis,
287 2229 340 2267 ut
381 2238 513 2279 aere,
565 2238 701 2279 aure,
747 2233 959 2284 argento,
1009 2223 1134 2282 aliis,
1180 2239 1298 2287 quae
1345 2223 1559 2269 nomina·

135 2286 224 2332 tim
261 2303 288 2332 a
323 2286 467 2334 Poeta
508 2303 606 2334 non
650 2298 990 2347 memorantur,
1040 2289 1124 2339 sed
1167 2288 1424 2352 generatim
1462 2295 1556 2336 άπε-

1472 2361 1556 2417 ρεί-

181 2481 219 2525 1)
244 2480 286 2516 Il.
320 2481 388 2526 XI,
411 2483 490 2520 568.
630 2480 669 2524 2)
696 2479 777 2517 Vid.
807 2481 851 2518 11.
875 2482 948 2529 VI,
979 2485 1023 2520 66
1053 2495 1148 2530 seqq.
1196 2483 1251 2519 cf.
1285 2480 1406 2527 Kb‘pke
1435 2481 1500 2529 Op.
1524 2482 1552 2528 lq

134 2537 245 2581 p.250
268 2546 362 2581 seqq.
464 2535 503 2580 5)
529 2535 610 2569 vid.
634 2534 703 2568 loci
727 2547 758 2571 c.
779 2536 875 2571 XIII.
902 2541 932 2585 ς.
948 2541 981 2573 4.
996 2540 1055 2577 cit.
1156 2538 1197 2583 4)
1223 2537 1303 2573 vid.
1325 2537 1360 2573 h.
1384 2538 1426 2572 L.
1449 2549 1480 2574 c.
1491 2550 1550 2574 12.

135 2593 168 2636 ᾗ·
193 2592 228 2625 4·
357 2591 395 2635 5)
420 2590 466 2625 ῙῙ·
489 2590 540 2634 X,
564 2590 630 2624 453
655 2601 727 2634 seq·
854 2592 892 2635 6)
916 2592 960 2630 Il.
983 2595 1024 2630 L.
1050 2593 1075 2630 l.
1099 2605 1151 2630 vs.
1170 2594 1238 2629 462
1258 2603 1349 2636 seqq.
1399 2590 1457 2629 Cf.
1479 2591 1552 2641 XI¹

136 2655 223 2690 no,
248 2646 337 2692 247,
360 2647 426 2680 534
450 2656 545 2691 seqq.
571 2643 654 2682 XIII
669 2672 680 2689 ,
703 2646 766 2681 261
790 2658 886 2691 seqq.
1006 2648 1042 2694 7)
1069 2647 1150 2686 vid.
1173 2647 1216 2686 Ι..
1233 2647 1283 2682 11.
1305 2656 1337 2682 c.
1353 2657 1411 2682 20.
