1780 3120
232 170 293 235 Q
598 157 1273 234 ANTJQUITAS

223 304 323 358 ἔθους
341 303 439 357 ἔντος
456 304 548 352 οὕτω
575 309 809 368 προτιθεσθαι
835 309 915 358 τοὺς
945 311 1089 367 νεκροὺς
1105 344 1118 364 ,
1153 316 1201 364 ὡς
1236 312 1298 355 ἐπὶ
1322 309 1434 363 ἐξέὸω
1467 317 1527 356 τοῦ
1550 300 1638 368 βίὲι]

216 374 404 432 γεγονότας
428 380 444 403 ²
465 406 477 427 ‚
512 369 584 419 vel
602 379 654 416 ut
679 370 874 416 aliorum
897 369 1048 417 Verbis
1065 381 1169 419 utar
1186 412 1198 432 ,
1231 377 1292 420 διαὶ
1318 379 1357 420 τὸ
1377 363 1633 438 ἐξερχεμένους

219 441 280 481 ’ἰεῦ
311 440 532 497 ἀνθρωπίνευ
557 439 639 494 βίον
666 441 797 495 μηκέτι
820 443 1056 499 ἀναστρέφειν
1084 443 1132 490 εἷς
1159 443 1237 492 τοὺς
1263 444 1373 492 οἷκεύς
1396 447 1434 486 2.

280 500 317 563 ξ.
355 500 398 547 5.
466 502 534 547 Ita
573 501 658 546 rite
698 501 1004 564 compositum
1035 501 1228 550 cadaver
1258 503 1525 553 circumfusi
1558 521 1634 552 so-

204 563 407 611 'lennem
438 565 615 611 luctum
646 564 977 612 ordiebantur:

350 634 464 677 Τσῧτό
498 651 560 677 νυν
587 636 648 676 καὶ
679 639 790 694 γέρας
817 630 883 678 οἷον
908 637 1078 694 ὀϊζυρεῖσι
1107 635 1294 696 βροτῦῒσι,

349 699 561 759 Κείρασθάι
584 715 624 742 τε
653 704 769 758 κόμην
787 733 799 755 ,
835 700 982 756 βαλέειν
1022 699 1052 743 τ’
1077 703 1149 743 ἀπὸ
1177 702 1296 763 δάκρυ
1320 709 1480 762 παρειῶν
1501 698 1540 747 5.

216 760 457 807 Lacrimae
495 769 678 817 autem,
721 779 812 826 quo
852 761 1220 810 vehementiores
1263 770 1397 810 erant
1448 763 1636 811 Graecis

218 824 441 881 affectus,
481 844 534 872 eo
583 826 796 890 largiores
841 827 976 891 ipsis'
1002 827 1186 875 effluere
1233 829 1458 876 solebant.
1538 829 1639 875 Nec

168 891 176 903 ‘
217 907 292 937 eas
320 890 568 949 heroibus,
604 910 718 956 quos
752 893 969 950 canebat,
1006 892 1216 955 indignas
1258 896 1439 941 censuit
1470 893 1639 941 Home-

215 966 312 1005 rus.
383 957 523 1004 Haud
539 959 662 1004 enim
685 959 837 1004 animo
861 958 1021 1004 heroas
1041 957 1129 1004 sibi
1155 959 1503 1015 informaverat,
1543 960 1642 1023 qui—

218 1020 306 1068 bus
326 1038 404 1068 cor
429 1022 554 1069 silice
589 1021 752 1069 durius
791 1023 1008 1069 effecerat
1040 1025 1207 1070 virtus:
1261 1035 1305 1070 at
1338 1034 1530 1070 naturae
1563 1040 1643 1071 ve-

223 1088 354 1149 stigia
392 1097 577 1134 secutus
610 1126 622 1146 ,
676 1097 728 1135 ut
767 1098 898 1134 erant
923 1124 935 1145 ,
979 1088 1181 1136 Graecos
1222 1089 1356 1136 nobis
1396 1089 1639 1153 depinxit,

219 1151 490 1198 fortissimos
529 1153 632 1201 illos
665 1152 856 1218 quidem
901 1169 988 1199 nec
1043 1154 1247 1218 pericula
1299 1155 1438 1200 etiam
1477 1154 1645 1217 gravis-

222 1217 337 1264 sima
370 1217 710 1278 detrectantes,
766 1219 847 1265 sed
897 1220 1159 1279 amicitiae,
1206 1221 1421 1285 pietatis,
1474 1219 1642 1265 amoris

203 1299 362 1329 ¹sensu
393 1284 625 1347 praeditos
651 1322 662 1343 ,
699 1301 897 1349 quorum
935 1287 1143 1330 animum
1190 1286 1388 1346 graviter
1423 1283 1636 1349 percellit

208 1349 567 1395 >carissimorum
605 1350 810 1415 capitum
836 1348 1016 1408 obitus,
1071 1349 1147 1413 pie
1189 1350 1391 1396 lacrimis
1440 1359 1645 1396 mortuos

224 1415 624 1479 prosequentium.
712 1413 942 1462 Achillem
972 1451 982 1471 ,
1034 1419 1426 1477 Agamemnonem
1483 1416 1644 1461 citasse

224 1478 446 1536 sufficiat,
483 1480 541 1527 (le
574 1490 769 1545 utroque
803 1481 985 1543 saepius
1019 1479 1185 1525 Poeta:
1218 1483 1337 1526 ἀδινεῦ
1372 1483 1511 1541 ἐξῆρχε
1537 1488 1644 1543 γόοιο.

221 1544 389 1591 Unum
426 1546 693 1592 Patroclum
722 1545 789 1590 ¹de
818 1545 1100 1590 Achivorum
1144 1546 1406 1592 infortuniis
1438 1545 1646 1592 lacrima-

220 1607 766 1674 bundum'reprehendit
805 1610 1033 1666 Achilles,
1070 1611 1194 1674 quod
1239 1613 1300 1656 ita
1335 1626 1524 1656 omnem
1555 1610 1647 1657 sibi

212 1676 432 1721 animum
475 1675 676 1722 lacrimis
717 1673 928 1719 diffluere
960 1674 1080 1719 sinat
1104 1675 1140 1720 4.
1210 1675 1302 1721 Sed
1339 1674 1451 1721 illuc
1489 1676 1647 1722 redea-

224 1758 346 1788 mus.
413 1742 666 1798 Lamenta,
712 1756 826 1804 quae
859 1737 919 1784 ad
959 1740 1131 1785 mortui
1169 1757 1336 1804 corpus
1374 1739 1489 1786 facta
1528 1739 1645 1786 dixi-

227 1823 360 1862 mus,
394 1823 479 1870 per
503 1806 658 1871 plures
673 1839 689 1864 ‚
724 1821 808 1868 per
831 1821 999 1850 novem
1019 1804 1040 1837 5
1071 1805 1184 1851 adeo
1216 1815 1261 1851 et
1285 1805 1602 1869 septendecim
1625 1806 1647 1841 6

224 1889 559 1936 nonnunquam
584 1871 682 1917 dies
717 1888 741 1915 a
771 1870 974 1932 cognatis
1001 1878 1048 1915 et
1086 1871 1243 1916 amicis
1270 1870 1540 1936 plerumque
1570 1888 1646 1918 ex-

227 1936 518 1996 citabantur,
568 1937 715 1983 rarius
756 1953 780 1981 a
812 1936 919 1981 viris
958 1951 1008 1979 ea
1041 1945 1196 1982 mente
1235 1935 1502 1995 conductis,
1537 1955 1647 2002 qua-

212 2001 292 2048 les
327 2003 377 2049 in
415 2003 628 2049 Hectoris
682 2001 844 2048 funere
884 2000 1069 2046 fuerunt
1116 2004 1225 2047 ἀοιδοί
1265 2007 1405 2063 θρήνων
1436 2006 1586 2064 ἐξάρχει
1610 1999 1647 2050 7’.

229 2068 359 2126 Quae
383 2068 650 2114 Patroclum
686 2075 924 2112 mortuum
951 2064 1178 2112 deflerent
1216 2066 1274 2112 ab
1304 2066 1480 2113 Achille
1514 2067 1648 2129 elige-

227 2131 399 2180 bantur
430 2134 645 2180 mulieres
673 2132 901 2194 Troianae
929 2130 1137 2196 adeoque
1157 2132 1376 2196 captivae.
1442 2130 1645 2195 Ἀμφίσε,

231 2198 366 2245 amici
395 2217 561 2265 corpus
594 2197 851 2262 intelligens
869 2235 880 2257 ,
918 2197 1070 2262 inquit
1100 2197 1233 2244 heros
1256 2195 1593 2255 nobilissimus,

1550 2263 1648 2323 Ἀμ-

275 2365 312 2412 ι)
337 2366 388 2402 Ad
422 2367 464 2403 11.
488 2366 554 2403 1.1.
695 2367 732 2410 2)
758 2365 871 2402 schol.
907 2365 948 2402 B.
980 2355 1021 2399 D.
1059 2365 1101 2399 aa
1136 2364 1228 2402 11.1.
1254 2366 1278 2400 1.
1419 2365 1455 2408 5)
1482 2365 1545 2401 cd.
1572 2358 1646 2410 lv,

228 2434 294 2468 197
327 2433 397 2467 seq.
434 2429 468 2456 et
496 2421 594 2456 alibi.
640 2422 804 2466 Ὂϊζυροι
842 2422 974 2466 βροτοὶ
1002 2420 1160 2454 dicuntur
1195 2428 1360 2464 quatenus
1394 2419 1462 2452 illis
1493 2419 1648 2452 morien-

229 2476 263 2509 di
290 2476 472 2511 necessitas
501 2475 680 2510 incumbit.
728 2474 778 2510 Cf.
804 2475 954 2511 Nitzsch.
991 2475 1032 2508 ad
1063 2474 1126 2510 Od.
1151 2474 1174 2509 l.
1195 2475 1219 2510 l.
1367 2473 1405 2516 4)
1431 2472 1471 2508 Il.
1498 2473 1574 2506 XVI
1592 2501 1602 2516 ,
1627 2485 1647 2518 7

229 2542 321 2575 seqq.
441 2531 478 2575 5)
505 2530 585 2565 vid.
610 2529 650 2564 ll.
674 2529 801 2574 XXIV,
828 2532 890 2575 705
913 2542 1002 2575 seqq.
1029 2529 1085 2563 cll.
1110 2534 1156 2564 vs.
1180 2531 1254 2574 781.
1374 2528 1411 2570 6)
1436 2527 1476 2561 In
1500 2527 1646 2562 Achillis

228 2596 258 2616 v.
282 2597 311 2620 c.
335 2584 452 2619 sunere
469 2613 477 2629 ,
500 2596 600 2630 quem
626 2596 700 2617 cum
727 2596 786 2628 per
805 2584 1035 2628 septendecim
1051 2582 1123 2616 dies
1149 2595 1185 2616 ac
1206 2589 1321 2616 noctes
1345 2581 1530 2624 luxissent,
1551 2580 1648 2614 deci-

230 2651 285 2672 ma
309 2647 426 2673 octava
450 2639 504 2673 die
533 2638 803 2673 combusserunt.
848 2638 927 2671 vid.
959 2638 1022 2674 od.
1045 2636 1172 2676 XXIV,
1199 2639 1242 2672 03
1267 2649 1358 2681 seqq.
1386 2644 1419 2669 et
1442 2636 1483 2672 Il.
1510 2634 1647 2679 xvm,

232 2694 309 2728 540.
436 2694 472 2740 7)
501 2693 580 2728 Yid.
599 2692 758 2730 Eustath.
781 2693 823 2728 ad
843 2692 884 2734 ll,
906 2693 1013 2729 >inv
1030 2719 1040 2739 ,
1066 2705 1141 2739 72¹·
1175 2703 1240 2738 quo
1270 2703 1336 2726 uno
1365 2690 1436 2726 loco
1456 2692 1493 2725 in
1516 2689 1645 2724 funeri«

230 2746 288 2780 bus·
318 2748 438 2782 ἀοιδοὶ
462 2756 703 2786 memorantur.
