<?xml version="1.0" encoding="UTF-8"?>
<!DOCTYPE html PUBLIC "-//W3C//DTD XHTML 1.0 Transitional//EN"
    "http://www.w3.org/TR/xhtml1/DTD/xhtml1-transitional.dtd">
<html xmlns="http://www.w3.org/1999/xhtml" xml:lang="en" lang="en">
 <head>
  <title>
</title>
<meta http-equiv="Content-Type" content="text/html;charset=utf-8" />
  <meta name='ocr-system' content='tesseract 3.04.00' />
  <meta name='ocr-capabilities' content='ocr_page ocr_carea ocr_par ocr_line ocrx_word'/>
</head>
<body>
  <div class='ocr_page' id='page_1' title='image "antiquitashomeri00terpuoft_0139.png"; bbox 0 0 1780 3120; ppageno 0'>
   <div class='ocr_carea' id='block_1_1' title="bbox 561 133 1566 242">
    <p class='ocr_par' dir='ltr' id='par_1_1' title="bbox 561 133 1566 242">
     <span class='ocr_line' id='line_1_1' title="bbox 561 133 1566 242; baseline 0.001 -19"><span class='ocrx_word' id='word_1_1' title='bbox 561 133 1136 225; x_wconf 48' lang='lat' dir='ltr'>Homnssxcm</span> <span class='ocrx_word' id='word_1_2' title='bbox 1501 178 1566 242; x_wconf 52' lang='lat' dir='ltr'><em>ff</em></span> 
     </span>
    </p>
   </div>
   <div class='ocr_carea' id='block_1_2' title="bbox 140 304 1563 1538">
    <p class='ocr_par' dir='ltr' id='par_1_2' title="bbox 277 304 1385 503">
     <span class='ocr_line' id='line_1_2' title="bbox 285 304 1338 372; baseline -0.001 -16"><span class='ocrx_word' id='word_1_3' title='bbox 285 308 374 359; x_wconf 83' lang='grc' dir='ltr'><em>Καῖ</em></span> <span class='ocrx_word' id='word_1_4' title='bbox 395 310 472 372; x_wconf 78' lang='grc' dir='ltr'>γὰρ</span> <span class='ocrx_word' id='word_1_5' title='bbox 497 309 553 371; x_wconf 84' lang='grc' dir='ltr'>τῷ</span> <span class='ocrx_word' id='word_1_6' title='bbox 576 316 698 371; x_wconf 58' lang='grc' dir='ltr'><em>χρεῖος</em></span> <span class='ocrx_word' id='word_1_7' title='bbox 723 305 804 371; x_wconf 80' lang='grc' dir='ltr'>μέγ’</span> <span class='ocrx_word' id='word_1_8' title='bbox 822 305 972 372; x_wconf 66' lang='grc' dir='ltr'><em>ὀφείλετ’</em></span> <span class='ocrx_word' id='word_1_9' title='bbox 999 310 1037 353; x_wconf 79' lang='grc' dir='ltr'>ἐν</span> <span class='ocrx_word' id='word_1_10' title='bbox 1052 304 1189 353; x_wconf 71' lang='grc' dir='ltr'><strong><em>’Ἤλιδι</em></strong></span> <span class='ocrx_word' id='word_1_11' title='bbox 1216 305 1276 367; x_wconf 73' lang='grc' dir='ltr'>δίῃ</span> <span class='ocrx_word' id='word_1_12' title='bbox 1298 310 1338 355; x_wconf 72' lang='lat'>¹.</span> 
     </span>
     <span class='ocr_line' id='line_1_3' title="bbox 277 369 1385 433; baseline -0.002 -12"><span class='ocrx_word' id='word_1_13' title='bbox 277 372 444 429; x_wconf 84' lang='grc' dir='ltr'>Ἐξέλετ’</span> <span class='ocrx_word' id='word_1_14' title='bbox 468 371 622 420; x_wconf 74' lang='grc' dir='ltr'><em>ἄσπετα</em></span> <span class='ocrx_word' id='word_1_15' title='bbox 650 375 766 419; x_wconf 81' lang='grc' dir='ltr'>πολλὰ</span> <span class='ocrx_word' id='word_1_16' title='bbox 779 409 793 433; x_wconf 88' lang='lat'>‚</span> <span class='ocrx_word' id='word_1_17' title='bbox 822 379 871 420; x_wconf 79' lang='grc' dir='ltr'>τὰ</span> <span class='ocrx_word' id='word_1_18' title='bbox 893 373 930 421; x_wconf 69' lang='grc' dir='ltr'>δ’</span> <span class='ocrx_word' id='word_1_19' title='bbox 957 370 1045 418; x_wconf 76' lang='grc' dir='ltr'>ἄλλ’</span> <span class='ocrx_word' id='word_1_20' title='bbox 1071 376 1108 426; x_wconf 83' lang='grc' dir='ltr'>ἐς</span> <span class='ocrx_word' id='word_1_21' title='bbox 1132 371 1246 432; x_wconf 71' lang='grc' dir='ltr'><em>δῆμον</em></span> <span class='ocrx_word' id='word_1_22' title='bbox 1265 369 1385 419; x_wconf 67' lang='grc' dir='ltr'>ἔδωκε</span> 
     </span>
     <span class='ocr_line' id='line_1_4' title="bbox 287 443 568 503; baseline -0.004 -17"><span class='ocrx_word' id='word_1_23' title='bbox 287 443 502 503; x_wconf 82' lang='grc' dir='ltr'><em>Δαιτρεὺειν</em></span> <span class='ocrx_word' id='word_1_24' title='bbox 521 448 543 474; x_wconf 80' lang='lat'>2</span> <span class='ocrx_word' id='word_1_25' title='bbox 557 453 568 464; x_wconf 89' lang='lat'><strong>·</strong></span> 
     </span>
    </p>

    <p class='ocr_par' dir='ltr' id='par_1_3' title="bbox 140 500 1563 896">
     <span class='ocr_line' id='line_1_5' title="bbox 212 500 1563 569; baseline 0.001 -16"><span class='ocrx_word' id='word_1_26' title='bbox 212 504 254 569; x_wconf 68' lang='grc' dir='ltr'>ξ.</span> <span class='ocrx_word' id='word_1_27' title='bbox 289 505 334 551; x_wconf 88' lang='grc'>5.</span> <span class='ocrx_word' id='word_1_28' title='bbox 403 503 511 551; x_wconf 91' lang='lat' dir='ltr'>Non</span> <span class='ocrx_word' id='word_1_29' title='bbox 547 501 674 551; x_wconf 87' lang='lat' dir='ltr'>bona</span> <span class='ocrx_word' id='word_1_30' title='bbox 707 511 889 550; x_wconf 80' lang='lat' dir='ltr'>tantum</span> <span class='ocrx_word' id='word_1_31' title='bbox 924 500 1014 549; x_wconf 88' lang='lat' dir='ltr'>sibi</span> <span class='ocrx_word' id='word_1_32' title='bbox 1059 500 1263 549; x_wconf 87' lang='lat' dir='ltr'>invicem</span> <span class='ocrx_word' id='word_1_33' title='bbox 1301 501 1563 568; x_wconf 69' lang='lat' dir='ltr'>eripiebant</span> 
     </span>
     <span class='ocr_line' id='line_1_6' title="bbox 147 567 1562 636; baseline 0.001 -19"><span class='ocrx_word' id='word_1_34' title='bbox 147 568 346 636; x_wconf 81' lang='lat' dir='ltr'><strong>praedae</strong></span> <span class='ocrx_word' id='word_1_35' title='bbox 380 568 533 617; x_wconf 84' lang='lat' dir='ltr'>studio</span> <span class='ocrx_word' id='word_1_36' title='bbox 581 569 788 627; x_wconf 84' lang='lat' dir='ltr'>incitati,</span> <span class='ocrx_word' id='word_1_37' title='bbox 826 567 907 615; x_wconf 88' lang='lat' dir='ltr'>sed</span> <span class='ocrx_word' id='word_1_38' title='bbox 944 577 1186 633; x_wconf 81' lang='lat' dir='ltr'>parentes,</span> <span class='ocrx_word' id='word_1_39' title='bbox 1220 584 1412 629; x_wconf 89' lang='lat' dir='ltr'>uxores,</span> <span class='ocrx_word' id='word_1_40' title='bbox 1450 569 1562 618; x_wconf 84' lang='lat' dir='ltr'>libe-</span> 
     </span>
     <span class='ocr_line' id='line_1_7' title="bbox 146 632 1563 700; baseline 0.001 -18"><span class='ocrx_word' id='word_1_41' title='bbox 146 653 224 682; x_wconf 86' lang='lat' dir='ltr'>ros</span> <span class='ocrx_word' id='word_1_42' title='bbox 257 637 396 681; x_wconf 79' lang='lat' dir='ltr'>etiam</span> <span class='ocrx_word' id='word_1_43' title='bbox 441 635 489 682; x_wconf 90' lang='lat' dir='ltr'>vi</span> <span class='ocrx_word' id='word_1_44' title='bbox 520 633 744 681; x_wconf 81' lang='lat' dir='ltr'>abductos</span> <span class='ocrx_word' id='word_1_45' title='bbox 780 651 938 681; x_wconf 88' lang='lat' dir='ltr'>secum</span> <span class='ocrx_word' id='word_1_46' title='bbox 984 632 1249 693; x_wconf 81' lang='lat' dir='ltr'>ducebant,</span> <span class='ocrx_word' id='word_1_47' title='bbox 1285 635 1364 700; x_wconf 88' lang='lat' dir='ltr'>qui</span> <span class='ocrx_word' id='word_1_48' title='bbox 1406 652 1563 683; x_wconf 90' lang='lat' dir='ltr'>servo-</span> 
     </span>
     <span class='ocr_line' id='line_1_8' title="bbox 145 698 1561 764; baseline 0.001 -17"><span class='ocrx_word' id='word_1_49' title='bbox 145 717 252 747; x_wconf 88' lang='lat' dir='ltr'>rum</span> <span class='ocrx_word' id='word_1_50' title='bbox 280 717 472 747; x_wconf 83' lang='lat' dir='ltr'>munere</span> <span class='ocrx_word' id='word_1_51' title='bbox 498 700 625 764; x_wconf 84' lang='lat' dir='ltr'>apud</span> <span class='ocrx_word' id='word_1_52' title='bbox 661 700 784 764; x_wconf 93' lang='lat' dir='ltr'>ipsos</span> <span class='ocrx_word' id='word_1_53' title='bbox 817 701 1121 763; x_wconf 81' lang='lat' dir='ltr'>fungerentur</span> <span class='ocrx_word' id='word_1_54' title='bbox 1140 698 1181 746; x_wconf 81' lang='lat'>5.</span> <span class='ocrx_word' id='word_1_55' title='bbox 1248 701 1561 760; x_wconf 85' lang='lat' dir='ltr'>Quemadmo-</span> 
     </span>
     <span class='ocr_line' id='line_1_9' title="bbox 146 763 1554 830; baseline 0.002 -19"><span class='ocrx_word' id='word_1_56' title='bbox 146 765 260 812; x_wconf 90' lang='lat' dir='ltr'>dum</span> <span class='ocrx_word' id='word_1_57' title='bbox 290 765 480 829; x_wconf 85' lang='lat' dir='ltr'>Ulysses</span> <span class='ocrx_word' id='word_1_58' title='bbox 501 802 512 823; x_wconf 91' lang='lat'>,</span> <span class='ocrx_word' id='word_1_59' title='bbox 548 765 630 830; x_wconf 87' lang='lat' dir='ltr'>qui</span> <span class='ocrx_word' id='word_1_60' title='bbox 660 782 685 811; x_wconf 86' lang='lat' dir='ltr'>a</span> <span class='ocrx_word' id='word_1_61' title='bbox 713 765 755 811; x_wconf 84' lang='grc' dir='ltr'>Τ</span> <span class='ocrx_word' id='word_1_62' title='bbox 757 768 858 830; x_wconf 85' lang='lat' dir='ltr'>roja</span> <span class='ocrx_word' id='word_1_63' title='bbox 885 763 1066 812; x_wconf 86' lang='lat' dir='ltr'>solvens</span> <span class='ocrx_word' id='word_1_64' title='bbox 1102 765 1154 811; x_wconf 90' lang='lat' dir='ltr'>in</span> <span class='ocrx_word' id='word_1_65' title='bbox 1182 763 1432 827; x_wconf 87' lang='lat' dir='ltr'>Ciconum,</span> <span class='ocrx_word' id='word_1_66' title='bbox 1465 768 1554 829; x_wconf 83' lang='lat' dir='ltr'>ait,</span> 
     </span>
     <span class='ocr_line' id='line_1_10' title="bbox 140 829 523 896; baseline -0.005 -19"><span class='ocrx_word' id='word_1_67' title='bbox 140 839 311 878; x_wconf 86' lang='lat' dir='ltr'>terram</span> <span class='ocrx_word' id='word_1_68' title='bbox 332 829 492 896; x_wconf 82' lang='lat' dir='ltr'>appuli</span> <span class='ocrx_word' id='word_1_69' title='bbox 512 866 523 886; x_wconf 89' lang='lat'>‚</span> 
     </span>
    </p>

    <p class='ocr_par' dir='ltr' id='par_1_4' title="bbox 287 894 1496 960">
     <span class='ocr_line' id='line_1_11' title="bbox 287 894 1496 960; baseline 0.002 -16"><span class='ocrx_word' id='word_1_70' title='bbox 287 934 298 944; x_wconf 88' lang='lat'><strong>.</strong></span> <span class='ocrx_word' id='word_1_71' title='bbox 334 929 345 940; x_wconf 93' lang='lat'><strong>.</strong></span> <span class='ocrx_word' id='word_1_72' title='bbox 436 933 447 944; x_wconf 86' lang='lat'><em>.</em></span> <span class='ocrx_word' id='word_1_73' title='bbox 480 895 569 942; x_wconf 70' lang='grc' dir='ltr'><em>ἔνθα</em></span> <span class='ocrx_word' id='word_1_74' title='bbox 594 895 630 941; x_wconf 71' lang='grc' dir='ltr'>δ’</span> <span class='ocrx_word' id='word_1_75' title='bbox 651 900 723 959; x_wconf 74' lang='grc' dir='ltr'>ἐγὼ</span> <span class='ocrx_word' id='word_1_76' title='bbox 752 899 853 945; x_wconf 76' lang='grc' dir='ltr'>πό).ιν</span> <span class='ocrx_word' id='word_1_77' title='bbox 869 895 1032 960; x_wconf 73' lang='grc' dir='ltr'><em>’ἔπραθον</em></span> <span class='ocrx_word' id='word_1_78' title='bbox 1049 933 1060 955; x_wconf 86' lang='grc'>,</span> <span class='ocrx_word' id='word_1_79' title='bbox 1095 895 1222 944; x_wconf 76' lang='grc' dir='ltr'><em>ὤλεσα</em></span> <span class='ocrx_word' id='word_1_80' title='bbox 1241 894 1282 944; x_wconf 71' lang='grc' dir='ltr'>δ’</span> <span class='ocrx_word' id='word_1_81' title='bbox 1305 900 1433 955; x_wconf 72' lang='grc' dir='ltr'><em>αὐτοὺς</em></span> <span class='ocrx_word' id='word_1_82' title='bbox 1454 898 1496 953; x_wconf 67' lang='grc'>4.</span> 
     </span>
    </p>

    <p class='ocr_par' dir='ltr' id='par_1_5' title="bbox 272 959 1362 1025">
     <span class='ocr_line' id='line_1_12' title="bbox 272 959 1362 1025; baseline 0.001 -16"><span class='ocrx_word' id='word_1_83' title='bbox 272 959 345 1009; x_wconf 85' lang='grc' dir='ltr'>Ἐκ</span> <span class='ocrx_word' id='word_1_84' title='bbox 371 965 488 1015; x_wconf 72' lang='grc' dir='ltr'><strong><em>πόλιος</em></strong></span> <span class='ocrx_word' id='word_1_85' title='bbox 514 963 550 1009; x_wconf 71' lang='grc' dir='ltr'>δ’</span> <span class='ocrx_word' id='word_1_86' title='bbox 573 964 726 1025; x_wconf 75' lang='grc' dir='ltr'>ἀλόχους</span> <span class='ocrx_word' id='word_1_87' title='bbox 753 968 817 1010; x_wconf 75' lang='grc' dir='ltr'>καὶ</span> <span class='ocrx_word' id='word_1_88' title='bbox 838 972 1014 1024; x_wconf 76' lang='grc' dir='ltr'><em>κτήματα</em></span> <span class='ocrx_word' id='word_1_89' title='bbox 1041 965 1160 1011; x_wconf 70' lang='grc' dir='ltr'>πολλὰ</span> <span class='ocrx_word' id='word_1_90' title='bbox 1185 965 1362 1020; x_wconf 76' lang='grc' dir='ltr'>λαβόντες</span> 
     </span>
    </p>

    <p class='ocr_par' dir='ltr' id='par_1_6' title="bbox 140 1026 1559 1286">
     <span class='ocr_line' id='line_1_13' title="bbox 286 1026 582 1087; baseline 0 -14"><span class='ocrx_word' id='word_1_91' title='bbox 286 1031 524 1087; x_wconf 81' lang='grc' dir='ltr'><em>Δασσάμεθα</em></span> <span class='ocrx_word' id='word_1_92' title='bbox 544 1026 582 1073; x_wconf 86' lang='lat'>5.</span> 
     </span>
     <span class='ocr_line' id='line_1_14' title="bbox 140 1089 1559 1159; baseline 0.005 -21"><span class='ocrx_word' id='word_1_93' title='bbox 140 1089 216 1138; x_wconf 89' lang='lat' dir='ltr'>Ad</span> <span class='ocrx_word' id='word_1_94' title='bbox 241 1091 495 1138; x_wconf 84' lang='lat' dir='ltr'>Antinoum</span> <span class='ocrx_word' id='word_1_95' title='bbox 515 1091 564 1138; x_wconf 90' lang='lat' dir='ltr'>in</span> <span class='ocrx_word' id='word_1_96' title='bbox 588 1092 852 1159; x_wconf 78' lang='lat' dir='ltr'>Aegyptum</span> <span class='ocrx_word' id='word_1_97' title='bbox 876 1109 982 1141; x_wconf 89' lang='lat' dir='ltr'>cum</span> <span class='ocrx_word' id='word_1_98' title='bbox 1010 1092 1322 1157; x_wconf 85' lang='lat' dir='ltr'>praedonibus</span> <span class='ocrx_word' id='word_1_99' title='bbox 1348 1111 1398 1142; x_wconf 87' lang='lat' dir='ltr'>se</span> <span class='ocrx_word' id='word_1_100' title='bbox 1419 1094 1559 1145; x_wconf 82' lang='lat' dir='ltr'>abiis·</span> 
     </span>
     <span class='ocr_line' id='line_1_15' title="bbox 140 1155 1558 1225; baseline 0.006 -23"><span class='ocrx_word' id='word_1_101' title='bbox 140 1172 191 1202; x_wconf 88' lang='lat' dir='ltr'>se</span> <span class='ocrx_word' id='word_1_102' title='bbox 234 1155 358 1204; x_wconf 88' lang='lat' dir='ltr'>idem</span> <span class='ocrx_word' id='word_1_103' title='bbox 401 1157 564 1218; x_wconf 86' lang='lat' dir='ltr'>refert,</span> <span class='ocrx_word' id='word_1_104' title='bbox 597 1176 689 1225; x_wconf 89' lang='lat' dir='ltr'>quo</span> <span class='ocrx_word' id='word_1_105' title='bbox 733 1177 843 1206; x_wconf 90' lang='lat' dir='ltr'>cum</span> <span class='ocrx_word' id='word_1_106' title='bbox 877 1159 1194 1225; x_wconf 78' lang='lat' dir='ltr'>appulissent,</span> <span class='ocrx_word' id='word_1_107' title='bbox 1238 1160 1378 1221; x_wconf 87' lang='lat' dir='ltr'>socii,</span> <span class='ocrx_word' id='word_1_108' title='bbox 1411 1163 1558 1211; x_wconf 88' lang='lat' dir='ltr'>invito</span> 
     </span>
     <span class='ocr_line' id='line_1_16' title="bbox 140 1219 342 1286; baseline 0.005 -19"><span class='ocrx_word' id='word_1_109' title='bbox 140 1219 311 1286; x_wconf 70' lang='lat' dir='ltr'>Ulysse</span> <span class='ocrx_word' id='word_1_110' title='bbox 328 1259 342 1282; x_wconf 91' lang='lat'>‚</span> 
     </span>
    </p>

    <p class='ocr_par' dir='ltr' id='par_1_7' title="bbox 270 1289 1324 1355">
     <span class='ocr_line' id='line_1_17' title="bbox 270 1289 1324 1355; baseline 0.003 -19"><span class='ocrx_word' id='word_1_111' title='bbox 270 1321 285 1336; x_wconf 87' lang='grc'><strong>.</strong></span> <span class='ocrx_word' id='word_1_112' title='bbox 321 1323 333 1334; x_wconf 85' lang='grc'><strong>.</strong></span> <span class='ocrx_word' id='word_1_113' title='bbox 418 1322 433 1338; x_wconf 85' lang='grc'><strong>.</strong></span> <span class='ocrx_word' id='word_1_114' title='bbox 465 1290 571 1353; x_wconf 74' lang='grc' dir='ltr'><em>ὕβρει</em></span> <span class='ocrx_word' id='word_1_115' title='bbox 597 1289 761 1344; x_wconf 73' lang='grc' dir='ltr'><strong>εἴξαντες</strong></span> <span class='ocrx_word' id='word_1_116' title='bbox 781 1328 793 1347; x_wconf 87' lang='grc'><em>,</em></span> <span class='ocrx_word' id='word_1_117' title='bbox 827 1294 1062 1351; x_wconf 77' lang='grc' dir='ltr'><em>ἐπεσπόμενοι</em></span> <span class='ocrx_word' id='word_1_118' title='bbox 1091 1297 1200 1352; x_wconf 72' lang='grc' dir='ltr'><em>μένεϊ</em></span> <span class='ocrx_word' id='word_1_119' title='bbox 1216 1291 1324 1355; x_wconf 77' lang='grc' dir='ltr'>σφῷ,</span> 
     </span>
    </p>

    <p class='ocr_par' dir='ltr' id='par_1_8' title="bbox 264 1350 1327 1419">
     <span class='ocr_line' id='line_1_18' title="bbox 264 1350 1327 1419; baseline 0.006 -22"><span class='ocrx_word' id='word_1_120' title='bbox 264 1350 373 1414; x_wconf 58' lang='grc' dir='ltr'><em>Αἵῗψα</em></span> <span class='ocrx_word' id='word_1_121' title='bbox 403 1354 494 1415; x_wconf 84' lang='grc' dir='ltr'>μαλ’</span> <span class='ocrx_word' id='word_1_122' title='bbox 517 1358 729 1417; x_wconf 72' lang='grc' dir='ltr'><strong><em>Αἰγυπτίων</em></strong></span> <span class='ocrx_word' id='word_1_123' title='bbox 756 1357 900 1417; x_wconf 63' lang='grc' dir='ltr'><em>ἀνδρῶν</em></span> <span class='ocrx_word' id='word_1_124' title='bbox 925 1360 1170 1419; x_wconf 78' lang='grc' dir='ltr'><em>περικαλλέας</em></span> <span class='ocrx_word' id='word_1_125' title='bbox 1193 1360 1327 1419; x_wconf 74' lang='grc' dir='ltr'><em>ἀγροὺς</em></span> 
     </span>
    </p>

    <p class='ocr_par' dir='ltr' id='par_1_9' title="bbox 266 1419 1344 1485">
     <span class='ocr_line' id='line_1_19' title="bbox 266 1419 1344 1485; baseline 0.007 -23"><span class='ocrx_word' id='word_1_126' title='bbox 266 1420 429 1481; x_wconf 78' lang='grc' dir='ltr'><em>Πόρθεον</em></span> <span class='ocrx_word' id='word_1_127' title='bbox 444 1454 455 1473; x_wconf 87' lang='grc'><em>,</em></span> <span class='ocrx_word' id='word_1_128' title='bbox 490 1425 533 1465; x_wconf 85' lang='grc' dir='ltr'>ἐκ</span> <span class='ocrx_word' id='word_1_129' title='bbox 562 1423 602 1467; x_wconf 68' lang='grc' dir='ltr'>δὲ</span> <span class='ocrx_word' id='word_1_130' title='bbox 624 1432 800 1482; x_wconf 72' lang='grc' dir='ltr'><em>γυναῖκας</em></span> <span class='ocrx_word' id='word_1_131' title='bbox 821 1419 912 1482; x_wconf 80' lang='grc' dir='ltr'>ἄγον</span> <span class='ocrx_word' id='word_1_132' title='bbox 932 1456 946 1479; x_wconf 88' lang='lat'>‚</span> <span class='ocrx_word' id='word_1_133' title='bbox 981 1427 1047 1467; x_wconf 79' lang='grc' dir='ltr'>καὶ</span> <span class='ocrx_word' id='word_1_134' title='bbox 1071 1429 1185 1475; x_wconf 77' lang='grc' dir='ltr'><em>νήπια</em></span> <span class='ocrx_word' id='word_1_135' title='bbox 1210 1429 1344 1485; x_wconf 78' lang='grc' dir='ltr'><em>τέκνα,</em></span> 
     </span>
    </p>

    <p class='ocr_par' dir='ltr' id='par_1_10' title="bbox 269 1483 714 1538">
     <span class='ocr_line' id='line_1_20' title="bbox 269 1483 714 1538; baseline 0.007 -9"><span class='ocrx_word' id='word_1_136' title='bbox 269 1484 410 1538; x_wconf 79' lang='grc' dir='ltr'><strong><em>Αὐτόυς</em></strong></span> <span class='ocrx_word' id='word_1_137' title='bbox 436 1485 469 1530; x_wconf 78' lang='grc' dir='ltr'>τ’</span> <span class='ocrx_word' id='word_1_138' title='bbox 486 1483 645 1533; x_wconf 72' lang='grc' dir='ltr'>ἔκτεινον</span> <span class='ocrx_word' id='word_1_139' title='bbox 665 1484 688 1518; x_wconf 79' lang='lat'>5</span> <span class='ocrx_word' id='word_1_140' title='bbox 703 1500 714 1512; x_wconf 92' lang='grc'><em>·</em></span> 
     </span>
    </p>
   </div>
   <div class='ocr_carea' id='block_1_3' title="bbox 647 1680 1049 1700">
    <p class='ocr_par' dir='ltr' id='par_1_11' title="bbox 647 1680 1049 1700">
     <span class='ocr_line' id='line_1_21' title="bbox 647 1680 1049 1700; baseline 0 1420"><span class='ocrx_word' id='word_1_141' title='bbox 647 1680 1049 1700; x_wconf 95' lang='lat' dir='ltr'> </span> 
     </span>
    </p>
   </div>
   <div class='ocr_carea' id='block_1_4' title="bbox 384 1829 1302 1893">
    <p class='ocr_par' dir='ltr' id='par_1_12' title="bbox 384 1829 1302 1893">
     <span class='ocr_line' id='line_1_22' title="bbox 384 1829 1302 1893; baseline 0.014 -16"><span class='ocrx_word' id='word_1_142' title='bbox 384 1829 665 1879; x_wconf 90' lang='lat' dir='ltr'>CAPUT</span> <span class='ocrx_word' id='word_1_143' title='bbox 747 1831 1302 1893; x_wconf 89' lang='lat' dir='ltr'><strong>UNDECIMUM.</strong></span> 
     </span>
    </p>
   </div>
   <div class='ocr_carea' id='block_1_5' title="bbox 281 1975 1370 2020">
    <p class='ocr_par' dir='ltr' id='par_1_13' title="bbox 281 1975 1370 2020">
     <span class='ocr_line' id='line_1_23' title="bbox 281 1975 1370 2020; baseline 0.01 -11"><span class='ocrx_word' id='word_1_144' title='bbox 281 1977 346 2009; x_wconf 83' lang='lat' dir='ltr'>DE</span> <span class='ocrx_word' id='word_1_145' title='bbox 378 1975 763 2009; x_wconf 81' lang='lat' dir='ltr'><strong>EMPTIONIBUS</strong></span> <span class='ocrx_word' id='word_1_146' title='bbox 795 1977 864 2009; x_wconf 83' lang='grc' dir='ltr'>ΕΤ</span> <span class='ocrx_word' id='word_1_147' title='bbox 897 1979 1370 2020; x_wconf 79' lang='lat' dir='ltr'><strong>VENDITIONIBUS·</strong></span> 
     </span>
    </p>
   </div>
   <div class='ocr_carea' id='block_1_6' title="bbox 122 2107 1544 2395">
    <p class='ocr_par' dir='ltr' id='par_1_14' title="bbox 122 2107 1544 2340">
     <span class='ocr_line' id='line_1_24' title="bbox 190 2107 1543 2206; baseline 0.014 -25"><span class='ocrx_word' id='word_1_148' title='bbox 190 2137 231 2202; x_wconf 69' lang='grc' dir='ltr'>ξ.</span> <span class='ocrx_word' id='word_1_149' title='bbox 275 2154 317 2184; x_wconf 87' lang='lat'>1.</span> <span class='ocrx_word' id='word_1_150' title='bbox 383 2107 758 2200; x_wconf 78' lang='lat' dir='ltr'>Antiquissimis</span> <span class='ocrx_word' id='word_1_151' title='bbox 796 2141 1088 2206; x_wconf 83' lang='lat' dir='ltr'>temporibus</span> <span class='ocrx_word' id='word_1_152' title='bbox 1127 2143 1328 2195; x_wconf 83' lang='lat' dir='ltr'>Graecos</span> <span class='ocrx_word' id='word_1_153' title='bbox 1365 2149 1543 2201; x_wconf 85' lang='lat' dir='ltr'>nullam</span> 
     </span>
     <span class='ocr_line' id='line_1_25' title="bbox 126 2200 1540 2279; baseline 0.01 -29"><span class='ocrx_word' id='word_1_154' title='bbox 126 2200 252 2250; x_wconf 81' lang='lat' dir='ltr'>inter</span> <span class='ocrx_word' id='word_1_155' title='bbox 292 2218 342 2249; x_wconf 89' lang='lat' dir='ltr'>se</span> <span class='ocrx_word' id='word_1_156' title='bbox 384 2211 693 2249; x_wconf 80' lang='lat' dir='ltr'>mercaturam</span> <span class='ocrx_word' id='word_1_157' title='bbox 737 2209 1022 2266; x_wconf 85' lang='lat' dir='ltr'>exercuisse,</span> <span class='ocrx_word' id='word_1_158' title='bbox 1071 2208 1264 2273; x_wconf 88' lang='lat' dir='ltr'>singulis</span> <span class='ocrx_word' id='word_1_159' title='bbox 1305 2230 1363 2261; x_wconf 83' lang='lat' dir='ltr'>ex</span> <span class='ocrx_word' id='word_1_160' title='bbox 1402 2234 1540 2279; x_wconf 81' lang='lat' dir='ltr'>agro,</span> 
     </span>
     <span class='ocr_line' id='line_1_26' title="bbox 122 2266 1544 2340; baseline 0.012 -26"><span class='ocrx_word' id='word_1_161' title='bbox 122 2285 243 2335; x_wconf 81' lang='lat' dir='ltr'>quae</span> <span class='ocrx_word' id='word_1_162' title='bbox 287 2267 347 2315; x_wconf 90' lang='lat' dir='ltr'>ad</span> <span class='ocrx_word' id='word_1_163' title='bbox 383 2266 704 2335; x_wconf 84' lang='lat' dir='ltr'>quotidianum</span> <span class='ocrx_word' id='word_1_164' title='bbox 743 2270 920 2319; x_wconf 87' lang='lat' dir='ltr'>victum</span> <span class='ocrx_word' id='word_1_165' title='bbox 966 2275 1295 2340; x_wconf 83' lang='lat' dir='ltr'>requirebant,</span> <span class='ocrx_word' id='word_1_166' title='bbox 1331 2281 1382 2328; x_wconf 91' lang='lat' dir='ltr'>in</span> <span class='ocrx_word' id='word_1_167' title='bbox 1413 2282 1544 2331; x_wconf 81' lang='lat' dir='ltr'>diem</span> 
     </span>
    </p>

    <p class='ocr_par' dir='ltr' id='par_1_15' title="bbox 1482 2365 1544 2395">
     <span class='ocr_line' id='line_1_27' title="bbox 1482 2365 1544 2395; baseline 0.016 -1"><span class='ocrx_word' id='word_1_168' title='bbox 1482 2365 1544 2395; x_wconf 87' lang='lat' dir='ltr'>Sl-</span> 
     </span>
    </p>
   </div>
   <div class='ocr_carea' id='block_1_7' title="bbox 116 2458 1547 2781">
    <p class='ocr_par' dir='ltr' id='par_1_16' title="bbox 116 2458 1547 2781">
     <span class='ocr_line' id='line_1_28' title="bbox 172 2458 1547 2523; baseline 0.009 -26"><span class='ocrx_word' id='word_1_169' title='bbox 172 2460 210 2506; x_wconf 85' lang='lat'>1)</span> <span class='ocrx_word' id='word_1_170' title='bbox 235 2460 277 2498; x_wconf 83' lang='lat'>11.</span> <span class='ocrx_word' id='word_1_171' title='bbox 301 2458 348 2496; x_wconf 84' lang='lat' dir='ltr'>XI</span> <span class='ocrx_word' id='word_1_172' title='bbox 363 2489 374 2506; x_wconf 91' lang='lat'>‚</span> <span class='ocrx_word' id='word_1_173' title='bbox 400 2463 468 2511; x_wconf 84' lang='lat'>695</span> <span class='ocrx_word' id='word_1_174' title='bbox 486 2476 581 2512; x_wconf 82' lang='lat' dir='ltr'>seqq.</span> <span class='ocrx_word' id='word_1_175' title='bbox 638 2462 775 2500; x_wconf 84' lang='lat' dir='ltr'>Nestori</span> <span class='ocrx_word' id='word_1_176' title='bbox 797 2465 888 2502; x_wconf 84' lang='lat' dir='ltr'>enim</span> <span class='ocrx_word' id='word_1_177' title='bbox 905 2467 1013 2505; x_wconf 74' lang='lat' dir='ltr'>ablati</span> <span class='ocrx_word' id='word_1_178' title='bbox 1032 2479 1132 2507; x_wconf 83' lang='lat' dir='ltr'>erant</span> <span class='ocrx_word' id='word_1_179' title='bbox 1152 2472 1324 2520; x_wconf 73' lang='grc' dir='ltr'>τέσσαρες</span> <span class='ocrx_word' id='word_1_180' title='bbox 1342 2474 1547 2523; x_wconf 75' lang='grc' dir='ltr'><em>ἀθλοφόροι</em></span> 
     </span>
     <span class='ocr_line' id='line_1_29' title="bbox 125 2514 1544 2575; baseline 0.013 -28"><span class='ocrx_word' id='word_1_181' title='bbox 125 2514 234 2550; x_wconf 70' lang='grc' dir='ltr'><em>ἵπποι</em></span> <span class='ocrx_word' id='word_1_182' title='bbox 257 2516 424 2551; x_wconf 77' lang='grc' dir='ltr'>αὐτοῖσιν</span> <span class='ocrx_word' id='word_1_183' title='bbox 455 2518 604 2564; x_wconf 75' lang='grc' dir='ltr'><em>ὄχεσφιν</em></span> <span class='ocrx_word' id='word_1_184' title='bbox 630 2521 808 2560; x_wconf 78' lang='grc' dir='ltr'>ἐλθόντες</span> <span class='ocrx_word' id='word_1_185' title='bbox 830 2525 912 2562; x_wconf 76' lang='grc' dir='ltr'>μετ’</span> <span class='ocrx_word' id='word_1_186' title='bbox 936 2525 1084 2572; x_wconf 75' lang='grc' dir='ltr'><em>ἄεθλα,</em></span> <span class='ocrx_word' id='word_1_187' title='bbox 1113 2538 1163 2564; x_wconf 83' lang='lat' dir='ltr'>vs.</span> <span class='ocrx_word' id='word_1_188' title='bbox 1181 2529 1246 2574; x_wconf 83' lang='lat'>698</span> <span class='ocrx_word' id='word_1_189' title='bbox 1268 2540 1340 2574; x_wconf 86' lang='lat' dir='ltr'>seq.</span> <span class='ocrx_word' id='word_1_190' title='bbox 1430 2530 1471 2575; x_wconf 80' lang='lat'>2)</span> <span class='ocrx_word' id='word_1_191' title='bbox 1495 2531 1544 2570; x_wconf 57' lang='lat'>113</span> 
     </span>
     <span class='ocr_line' id='line_1_30' title="bbox 123 2569 1537 2632; baseline 0.013 -27"><span class='ocrx_word' id='word_1_192' title='bbox 123 2569 203 2608; x_wconf 77' lang='lat' dir='ltr'>LI.</span> <span class='ocrx_word' id='word_1_193' title='bbox 226 2582 275 2604; x_wconf 83' lang='lat' dir='ltr'>vs·</span> <span class='ocrx_word' id='word_1_194' title='bbox 296 2572 362 2616; x_wconf 80' lang='lat'>703</span> <span class='ocrx_word' id='word_1_195' title='bbox 379 2583 472 2619; x_wconf 86' lang='lat' dir='ltr'>seqq.</span> <span class='ocrx_word' id='word_1_196' title='bbox 518 2574 574 2612; x_wconf 85' lang='lat' dir='ltr'>Cf.</span> <span class='ocrx_word' id='word_1_197' title='bbox 599 2574 691 2611; x_wconf 84' lang='lat' dir='ltr'>dicta</span> <span class='ocrx_word' id='word_1_198' title='bbox 714 2576 754 2610; x_wconf 89' lang='lat' dir='ltr'>L.</span> <span class='ocrx_word' id='word_1_199' title='bbox 772 2575 836 2613; x_wconf 88' lang='lat' dir='ltr'>IV.</span> <span class='ocrx_word' id='word_1_200' title='bbox 860 2589 890 2614; x_wconf 88' lang='lat' dir='ltr'>c.</span> <span class='ocrx_word' id='word_1_201' title='bbox 915 2581 971 2617; x_wconf 81' lang='lat'>16.</span> <span class='ocrx_word' id='word_1_202' title='bbox 1067 2579 1106 2626; x_wconf 83' lang='lat'>5)</span> <span class='ocrx_word' id='word_1_203' title='bbox 1131 2581 1213 2618; x_wconf 85' lang='lat' dir='ltr'>vid.</span> <span class='ocrx_word' id='word_1_204' title='bbox 1241 2582 1278 2619; x_wconf 89' lang='lat' dir='ltr'>h.</span> <span class='ocrx_word' id='word_1_205' title='bbox 1302 2582 1399 2621; x_wconf 84' lang='lat' dir='ltr'>Libr.</span> <span class='ocrx_word' id='word_1_206' title='bbox 1422 2597 1454 2622; x_wconf 87' lang='lat' dir='ltr'>c.</span> <span class='ocrx_word' id='word_1_207' title='bbox 1480 2598 1537 2632; x_wconf 77' lang='lat'>19.</span> 
     </span>
     <span class='ocr_line' id='line_1_31' title="bbox 119 2624 1534 2681; baseline 0.012 -23"><span class='ocrx_word' id='word_1_208' title='bbox 119 2632 158 2659; x_wconf 79' lang='lat' dir='ltr'>et</span> <span class='ocrx_word' id='word_1_209' title='bbox 191 2625 232 2659; x_wconf 88' lang='lat' dir='ltr'>L.</span> <span class='ocrx_word' id='word_1_210' title='bbox 255 2624 318 2661; x_wconf 83' lang='lat' dir='ltr'>IV.</span> <span class='ocrx_word' id='word_1_211' title='bbox 349 2638 380 2662; x_wconf 89' lang='lat' dir='ltr'>c.</span> <span class='ocrx_word' id='word_1_212' title='bbox 400 2629 453 2663; x_wconf 84' lang='lat'>16.</span> <span class='ocrx_word' id='word_1_213' title='bbox 557 2629 598 2675; x_wconf 87' lang='grc'>4)</span> <span class='ocrx_word' id='word_1_214' title='bbox 623 2629 727 2664; x_wconf 89' lang='lat' dir='ltr'>Viros</span> <span class='ocrx_word' id='word_1_215' title='bbox 756 2629 907 2678; x_wconf 79' lang='lat' dir='ltr'>scilicet,</span> <span class='ocrx_word' id='word_1_216' title='bbox 943 2646 1048 2681; x_wconf 88' lang='lat' dir='ltr'>quos,</span> <span class='ocrx_word' id='word_1_217' title='bbox 1080 2643 1191 2670; x_wconf 79' lang='lat' dir='ltr'>morte</span> <span class='ocrx_word' id='word_1_218' title='bbox 1227 2635 1430 2675; x_wconf 85' lang='lat' dir='ltr'>multabant.</span> <span class='ocrx_word' id='word_1_219' title='bbox 1478 2639 1534 2680; x_wconf 85' lang='lat' dir='ltr'>Cf.</span> 
     </span>
     <span class='ocr_line' id='line_1_32' title="bbox 120 2677 1533 2737; baseline 0.013 -26"><span class='ocrx_word' id='word_1_220' title='bbox 120 2677 188 2711; x_wconf 87' lang='lat' dir='ltr'>Od.</span> <span class='ocrx_word' id='word_1_221' title='bbox 213 2678 332 2725; x_wconf 88' lang='lat' dir='ltr'>XVII,</span> <span class='ocrx_word' id='word_1_222' title='bbox 355 2682 423 2715; x_wconf 84' lang='lat'>433</span> <span class='ocrx_word' id='word_1_223' title='bbox 440 2694 512 2729; x_wconf 83' lang='lat' dir='ltr'>seq.</span> <span class='ocrx_word' id='word_1_224' title='bbox 629 2684 668 2730; x_wconf 88' lang='lat'>5)</span> <span class='ocrx_word' id='word_1_225' title='bbox 693 2684 756 2721; x_wconf 86' lang='lat' dir='ltr'>Od.</span> <span class='ocrx_word' id='word_1_226' title='bbox 775 2684 847 2732; x_wconf 81' lang='lat' dir='ltr'>lx,</span> <span class='ocrx_word' id='word_1_227' title='bbox 869 2689 914 2722; x_wconf 88' lang='lat'>40</span> <span class='ocrx_word' id='word_1_228' title='bbox 935 2699 1031 2736; x_wconf 83' lang='lat' dir='ltr'>seqq.</span> <span class='ocrx_word' id='word_1_229' title='bbox 1157 2689 1198 2735; x_wconf 82' lang='lat'>6)</span> <span class='ocrx_word' id='word_1_230' title='bbox 1223 2689 1289 2727; x_wconf 89' lang='lat' dir='ltr'>od.</span> <span class='ocrx_word' id='word_1_231' title='bbox 1308 2690 1426 2737; x_wconf 81' lang='lat' dir='ltr'>xvll,</span> <span class='ocrx_word' id='word_1_232' title='bbox 1449 2695 1533 2732; x_wconf 78' lang='lat'>451.</span> 
     </span>
     <span class='ocr_line' id='line_1_33' title="bbox 116 2730 452 2781; baseline 0.021 -16"><span class='ocrx_word' id='word_1_233' title='bbox 116 2730 174 2768; x_wconf 77' lang='lat' dir='ltr'>cn.</span> <span class='ocrx_word' id='word_1_234' title='bbox 199 2743 248 2769; x_wconf 73' lang='lat' dir='ltr'>vs.</span> <span class='ocrx_word' id='word_1_235' title='bbox 272 2734 339 2769; x_wconf 80' lang='lat'>424</span> <span class='ocrx_word' id='word_1_236' title='bbox 359 2745 452 2781; x_wconf 84' lang='lat' dir='ltr'>seqq.</span> 
     </span>
    </p>
   </div>
  </div>
 </body>
</html>
