1780 3120
600 139 1174 188 HOMERICA.
1568 158 1598 213 7

180 282 326 322 aetate
350 271 516 337 Apollo
547 288 636 319 nec
657 270 914 319 medicinae
949 289 1107 320 curam
1129 270 1329 319 habebat
1349 291 1437 322 nec
1473 275 1592 324 Solis

179 340 410 403 regimen,
435 353 552 404 quae
576 354 769 384 munera
799 338 1028 402 posterior
1061 339 1102 385 ei
1125 337 1290 384 tribuit
1317 349 1452 387 aetas.
1513 343 1594 388 So-

181 405 237 452 lis
278 405 406 450 enim
448 421 636 451 cursum
675 404 793 466 regit
826 403 1013 458 Helios,
1053 404 1330 468 Hyperionis
1365 414 1412 450 et
1442 407 1590 465 Eurv⁴

179 469 401 535 phaessae
448 468 571 516 filius
597 480 642 516 ²:
686 467 944 514 medicinae
991 469 1104 516 deus
1150 470 1330 527 Paeon,
1375 468 1589 521 wajmu'z

181 536 406 590 Hermes,
437 536 520 582 Zei
549 543 595 581 et
620 535 767 599 Maiae
795 533 916 581 filius
934 571 946 591 ‚
981 535 1186 582 Deorum
1215 535 1435 592 nuntius,
1472 535 1591 584 lucri

180 601 309 647 Deus
326 638 338 659 ‚
369 601 495 648 vafer
523 600 825 666 omnibusque
844 600 903 646 ad
926 617 1025 647 rem
1052 600 1309 648 faciendam
1336 618 1594 648 accommo-

180 665 299 713 datis
320 667 581 730 praefectus
604 668 640 716 5.
695 667 827 714 Idem
855 684 989 714 aurea
1012 668 1135 729 virga
1165 666 1340 712 animas
1362 683 1468 714 orco
1485 684 1594 715 evo⁴

180 740 256 778 cat
272 770 283 786 ,
304 732 567 779 mortalium
583 731 737 779 oculos
763 731 934 778 mulcet
950 742 1027 779 aut
1044 732 1328 779 dormientes
1344 734 1532 780 suscitat
1554 733 1596 782 4.

181 799 298 844 Ares
322 795 441 843 bella
468 805 622 854 curat,
650 802 782 860 cujus
814 800 1028 860 θεράπσντες
1056 807 1103 844 et
1128 797 1211 844 filii
1236 797 1469 845 habentur
1505 806 1596 847 Δει-

176 870 244 924 μός
271 869 317 908 et
352 865 472 919 Φόβος
492 863 516 898 5
534 900 545 919 ,
580 864 659 928 qui
681 866 777 927 ejus
806 864 965 910 currui
1001 881 1143 929 equos
1174 867 1374 930 jungunt
1397 865 1433 910 6.
1500 865 1598 912 He-

175 927 371 993 pliaesto
386 928 620 975 Homerus
637 937 758 976 artes
787 928 970 975 fabriles
1001 930 1182 976 tribuit.
1233 930 1476 994 Descripta
1495 935 1594 996 ejus

177 994 361 1041 officina
393 994 625 1042 invenitur
653 993 711 1042 Il.
743 995 912 1041 XVIII
937 1006 975 1041 7.
1041 995 1194 1059 Hujus
1226 1011 1342 1041 uxor
1369 996 1531 1042 Charis
1554 997 1591 1043 3.

176 1058 408 1124 Dionysus
423 1097 435 1118 ,
452 1059 652 1107 Semeles
675 1060 795 1107 filius
808 1099 818 1115 ‚
837 1062 934 1107 vini
955 1061 1170 1108 inventor
1191 1070 1230 1106 9.
1277 1062 1416 1108 Artes
1433 1078 1595 1109 omnes

177 1125 419 1189 complexa
464 1135 532 1173 est
578 1126 762 1173 Athene
796 1138 865 1185 10,
917 1126 1171 1190 sapientiae
1217 1127 1317 1172 Dea
1357 1138 1428 1185 1²,
1486 1145 1595 1175 cum

173 1192 315 1238 Arete
359 1190 471 1239 belli
511 1192 651 1239 etiam
697 1209 857 1239 curam
903 1194 1061 1239 sortita
1101 1203 1156 1239 ¹2.
1227 1193 1406 1239 Sociam
1451 1192 1598 1240 habet

174 1257 302 1304 Ἐνυὼ
335 1261 570 1322 πτολίπορθον
601 1257 656 1301 ¹5.
723 1257 923 1304 Artemis
957 1275 1116 1304 arcum
1142 1256 1283 1304 habet
1316 1275 1422 1304 cum
1459 1259 1598 1306 fratre

175 1321 393 1385 Apolline
418 1338 736 1377 communem,
775 1324 1008 1371 venationi
1042 1323 1223 1372 addicta
1258 1324 1330 1379 14,
1364 1332 1501 1388 atque
1529 1326 1600 1371 in-

177 1389 237 1435 de
270 1396 537 1436 venatorum
566 1388 820 1434 institutrix
854 1396 899 1433 et
930 1388 1112 1436 fautrix.
1183 1390 1474 1436 Comitantur
1498 1407 1601 1437 eam

175 1453 421 1520 Nymphae
462 1461 650 1518 ἀγρονόμοι
683 1456 742 1502 15.
825 1452 1016 1500 Homeri
1063 1465 1208 1502 aetate
1253 1453 1312 1501 ab
1358 1456 1598 1503 Artemide

177 1518 361 1567 diversa
392 1521 584 1580 Selene,
619 1535 736 1583 quae
772 1534 830 1564 ex
863 1519 1049 1566 Oceano
1099 1536 1289 1586 surgens
1331 1538 1470 1569 curru
1512 1538 1600 1587 per

1500 1604 1604 1634 coe-

171 1694 238 1740 Op.
257 1693 282 1728 1.
308 1691 387 1727 vol.
407 1691 456 1728 11.
480 1703 516 1737 p.
539 1692 606 1727 285
629 1703 697 1735 seq.
724 1689 806 1736 ibiq.
833 1699 922 1728 auct.
947 1691 1006 1728 cit.
1031 1691 1089 1728 cll.
1114 1691 1234 1735 Ejusd.
1259 1706 1294 1740 p.
1322 1697 1388 1731 258
1411 1707 1506 1744 seqq,
1530 1710 1598 1745 292

170 1764 264 1798 seqq·
291 1757 326 1784 et
348 1750 409 1784 501
436 1760 531 1794 seqq.
554 1747 614 1781 ubi
636 1748 741 1780 etiam
766 1746 806 1779 de
834 1746 971 1780 nomine
1003 1750 1132 1787 φοῖβος
1152 1749 1233 1792 agit.
1262 1751 1315 1784 De
1343 1752 1514 1797 Apollinis
1535 1765 1598 1787 ca..

170 1806 274 1841 nendi
297 1812 371 1840 arte
395 1804 438 1840 cs.
463 1817 496 1850 p.
517 1804 584 1837 345
606 1813 700 1848 seqq.
747 1800 789 1834 In
813 1800 961 1843 Trojano
991 1800 1082 1846 inpr.
1111 1814 1190 1846 agro
1213 1805 1335 1841 cultus.
1383 1806 1465 1842 vid.
1489 1806 1532 1842 11.
1554 1806 1572 1840 Ι
1590 1832 1602 1854 ,

174 1863 229 1907 59.
267 1860 310 1897 cl.
334 1861 388 1904 V,
411 1861 500 1902 446,
523 1860 592 1903 47,
616 1859 673 1892 83.
706 1863 742 1889 et.
773 1854 900 1889 Mulier
934 1855 998 1899 Op.
1022 1855 1047 1890 l.
1078 1867 1110 1900 p.
1135 1860 1202 1891 218
1231 1870 1325 1904 seqq.
1387 1860 1439 1894 De
1473 1858 1598 1895 ceteri,

171 1915 252 1950 Diis
276 1927 295 1949 a
318 1912 472 1949 Doribus
493 1913 594 1946 cultis
616 1911 685 1946 vid.
714 1909 768 1945 ld.
793 1910 830 1942 in
852 1909 916 1942 fine
939 1908 1065 1944 vol.11.
1092 1922 1124 1955 p.
1147 1912 1213 1956 59³}
1233 1925 1328 1959 seqq.
1408 1914 1443 1959 ι)
1468 1915 1599 1959 Hymn⁴

172 1973 209 2006 in
233 1971 372 2005 Heliou.
395 1980 443 2005 vs.
467 1969 489 2002 5
511 1980 584 2012 seq.
708 1963 779 2010 (2)
804 1962 847 1999 Il.
872 1962 928 2007 V,
951 1965 1014 1998 401
1030 1991 1039 2008 ,
1065 1976 1142 2009 900⁴
1178 1965 1262 2011 ibiq,
1289 1967 1400 2013 neyn,
1422 1977 1457 2004 et
1483 1970 1598 2017 ngpp,

174 2026 229 2060 Cf.
253 2025 408 2059 Nitsch's
435 2021 691 2064 Beschreibung
715 2026 781 2054 etc.
814 2017 878 2054 vol.
900 2017 948 2052 II·
976 2030 1010 2064 p.
1033 2019 1090 2055 56.
1116 2027 1151 2054 et
1172 2020 1299 2056 Muller
1320 2023 1385 2069 Op.
1408 2024 1432 2061 l,
1457 2024 1524 2058 vol.
1549 2025 1600 2059 Π.

174 2093 210 2128 p.
232 2093 311 2127 297.
336 2080 420 2126 ibiq.
445 2080 504 2114 cit.
530 2085 619 2112 auct.
732 2073 769 2116 5)
794 2072 879 2107 Inde
903 2074 999 2107 varia
1022 2075 1225 2118 cognomina
1248 2078 1442 2124 ἔῢσκοπος,
1475 2081 1596 2126 {pase-⁷

173 2148 237 2179 νης
253 2163 263 2181 ‚
289 2136 420 2181 κήρυξ,
444 2133 618 2177 διακτὼρ.
657 2128 709 2165 Cf.
733 2128 871 2163 Nitzsch
899 2128 941 2162 ad
965 2128 1030 2165 Od.
1054 2129 1096 2174 I,
1119 2131 1174 2166 84.
1206 2130 1347 2166 Dicitur
1378 2135 1483 2167 etiam
1507 2135 1601 2180 'Ag-⁴

177 2191 394 2235 γειφόντης,
424 2187 481 2223 cui
504 2187 697 2222 Phaeacum
722 2185 894 2232 principes
918 2182 1050 2229 libant,
1084 2184 1141 2216 ὅτι.
1162 2187 1367 2228 μνησαίατο
1387 2190 1510 2222 κοίτου
1533 2189 1600 2225 011.

179 2245 272 2290 VII,
298 2246 375 2281 138.
492 2243 531 2288 4)
556 2242 620 2278 od.
647 2239 780 2285 XXIV,
806 2252 821 2274 ι
848 2250 941 2284 seqq.
967 2238 998 2272 si
1021 2238 1161 2284 quidem
1192 2239 1286 2274 loeus
1317 2242 1467 2288 spurius.
1514 2243 1599 2279 Vid.

179 2300 296 2347 Spohn
320 2299 361 2333 de
385 2306 471 2334 extr.
497 2297 616 2342 Odyss.
643 2303 752 2343 parte.
866 2294 903 2337 5)
929 2293 972 2330 Il.
997 2292 1060 2337 IV,
1084 2295 1164 2330 440.
1289 2295 1328 2340 6)
1354 2296 1396 2332 Il,
1422 2297 1494 2341 XV,
1521 2310 1599 2344 1¹9⁶

179 2355 218 2402 7)
245 2353 305 2388 Vs.
327 2355 407 2399 369.
453 2353 506 2389 Cf.
532 2352 658 2386 Mulier
682 2351 746 2396 Op.
767 2348 790 2385 l.
825 2349 892 2385 vol.
916 2348 943 2384 I.
979 2361 1012 2396 p.
1035 2351 1101 2383 500
1121 2359 1215 2395 seqq·
1328 2350 1366 2394 8)
1392 2350 1435 2385 Il.
1460 2351 1600 2396 XVIII,

178 2413 258 2445 582.
359 2409 396 2454 9)
420 2408 548 2453 Hymn.
579 2406 615 2439 in
640 2404 764 2440 Bacch.
798 2415 847 2439 vs,
872 2404 928 2449 57.
1048 2403 1105 2447 10)
1131 2403 1173 2439 11.
1200 2403 1242 2449 V,
1265 2405 1344 2440 260.
1391 2405 1444 2440 De
1465 2407 1600 2440 Athene

179 2465 224 2500 cf.
250 2463 387 2498 Nitzsch
412 2463 454 2497 ad
478 2463 541 2498 Od.
562 2461 638 2500 HI,
654 2460 854 2506 571—578.
937 2458 994 2502 11)
1019 2458 1083 2494 od.
1108 2459 1216 2504 XIII,
1240 2461 1317 2504 289.
1412 2461 1467 2504 12)
1493 2460 1536 2497 Il.
1554 2461 1599 2507 V,

179 2522 259 2555 430.
368 2517 428 2561 15)
454 2517 496 2553 Il.
520 2517 571 2561 V,
597 2517 661 2550 555
685 2515 767 2560 ibiq.
794 2509 949 2560 Kfippen'.
1069 2513 1129 2557 14)
1153 2513 1281 2559 Hymn.
1316 2513 1350 2547 in
1371 2513 1476 2551 Dian.
1499 2524 1547 2551 vs.
1566 2513 1599 2550 5.

181 2573 234 2611 Cf.
260 2571 302 2611 11.
326 2572 371 2618 V,
387 2574 442 2609 50.
467 2573 539 2618 XX,
566 2573 619 2617 59.
645 2569 710 2604 Od.
737 2568 808 2615 VI,
836 2582 899 2606 102
920 2579 1012 2615 seqq.
1139 2568 1198 2612 15)
1221 2568 1286 2605 Od.
1311 2567 1379 2613 VI,
1407 2570 1470 2605 105
1505 2578 1606 2616 seqqs
