1780 3120
612 129 1190 216 nosiiznicA.
1519 128 1659 218 ιε(

182 294 381 345 Hermae
415 292 586 342 libasse
627 291 850 340 dicuntur
886 292 1151 350 Phaeaces,
1183 297 1246 340 ὅτε
1283 306 1490 356 μνησαίατο
1527 307 1602 346 >eol-

181 383 242 409 του
265 373 300 409 ².
372 359 591 408 Ceterum
623 357 699 405 alii
733 360 780 404 in
823 358 1015 405 aliorum
1047 359 1253 405 Deorum
1286 360 1509 410 honorem
1547 366 1602 412 li-

178 425 390 473 bationes
416 423 662 472 faciebant.
729 423 815 470 Vel
842 424 1044 488 singulos
1063 462 1074 481 ‚
1110 441 1224 488 quos
1261 425 1345 471 sibi
1375 430 1601 493 propitios

177 491 429 555 cupiebant
454 500 500 536 et
513 490 760 554 praecipuo
779 489 954 537 honore
975 489 1188 537 colebant
1211 502 1248 547 ²,
1275 491 1347 538 vel
1366 505 1556 541 cunctos
1581 496 1604 529 3

183 556 271 602 hac
319 557 606 603 reverentiae
652 556 986 618 significatione
1035 554 1448 622 prosequebantur.
1530 561 1602 609 De

180 620 436 668 libantibus
462 622 715 685 generatim
745 619 1004 669 Homerus:
1235 634 1240 637 “
1466 624 1496 636 ””

311 693 394 734 Καὶ
422 695 502 735 τότε
527 691 573 741 δὴ
598 694 813 741 σπείσαντες
831 686 929 745 ἐ’βαν
956 689 1141 740 κλισίηνδε
1163 689 1318 745 ἕκαστος
1340 688 1379 738 4.

244 751 284 816 §.
327 770 400 800 io.
467 753 560 799 Pro
585 767 636 798 re
671 760 779 798 nata
818 752 1032 799 convivia
1064 752 1139 799 vel
1179 753 1500 817 producebant
1528 756 1603 805 vel

177 817 532 867 contrahebant.
598 815 825 863 Libenter
866 826 913 863 et
955 835 1095 882 quam
1141 817 1401 866 diutissime
1444 823 1500 868 iis
1537 824 1607 870 in-

183 884 393 931 terfuisse
439 883 637 939 heroes,
685 899 794 930 cum
836 899 892 929 ex
938 899 1099 929 eorum
1138 884 1295 931 indole
1334 887 1526 949 juvenili
1562 898 1609 935 et

178 950 307 996 omni
352 950 547 996 istorum
595 956 862 1013 temporum
908 949 1088 996 ratione
1133 949 1410 1016 intelligitur
1438 989 1449 1009 ‚
1499 964 1604 1003 tum

177 1014 383 1082 plurima
416 1013 667 1060 adfirmant
705 1012 941 1077 exempla,
976 1030 1091 1078 quae
1133 1015 1270 1061 nobis
1316 1018 1459 1066 Poeta
1503 1020 1608 1069 reli-

178 1081 297 1148 quit.
365 1081 436 1126 De
463 1079 654 1126 Achivis
676 1117 688 1135 ‚
723 1077 854 1124 verbi
893 1096 1030 1125 causa
1051 1116 1064 1136 ‚

310 1149 510 1206 Παννύχιοι
536 1148 603 1205 μὲν
620 1181 632 1202 ,
667 1144 854 1210 inquit,
888 1144 1017 1192 ἕπειτκ
1048 1152 1349 1209 καρηκομόωντες
1377 1149 1529 1212 Ἀχαιοὶ

311 1215 492 1257 Δαίνυντο
514 1209 552 1254 5.

176 1277 331 1343 Atque
363 1275 476 1322 adeo
500 1274 559 1322 de
588 1274 691 1322 Diis
722 1273 862 1338 ipsis,
898 1292 1097 1340 quorum
1130 1277 1287 1325 omnis
1310 1278 1401 1327 vita
1437 1298 1494 1329 ex
1524 1281 1604 1329 he-

184 1360 315 1392 roum
355 1343 474 1389 vitae
505 1342 682 1387 ratione
713 1339 986 1388 adumbrata
1015 1351 1110 1400 est,
1148 1344 1347 1390 cecinit:

303 1410 380 1461 ’Ὡς
409 1415 490 1454 τότε
515 1411 585 1467 μὲν
609 1413 754 1469 πρόπαν
784 1403 892 1468 ἦμαρ
921 1411 961 1461 ἐς
991 1412 1106 1459 ἠέλιον
1137 1411 1349 1456 καταδύντα

313 1471 509 1530 Δαινυντ’,
543 1472 623 1518 οὐδέ
651 1490 686 1517 τι
711 1475 822 1531 θυμὸς
847 1475 988 1520 ἐδεύετο
1018 1475 1137 1527 δαιτὸς
1164 1477 1265 1529 ἐΐσης
1290 1473 1328 1521 6.

181 1538 240 1585 In
285 1539 615 1603 intempestam
656 1545 848 1582 noctem
896 1537 1161 1585 Phaeacum
1198 1542 1604 1591 commessationes

177 1602 435 1667 productas
472 1618 572 1648 esse
602 1599 772 1648 diserte
807 1612 968 1648 monet
995 1602 1154 1661 Idem,
1192 1605 1388 1671 quibus,
1423 1609 1605 1673 inquit,

321 1672 483 1728 Χρὺσεσι
520 1701 533 1714 .
573 1704 583 1715 .
624 1676 742 1731 κῡῡροι
764 1668 954 1728 ἐϋδμήτων
977 1670 1038 1714 ε’ττί
1063 1673 1206 1730 βωμῶν

298 1732 514 1781 ''Eo-raom
531 1771 542 1791 ‚
575 1737 768 1793 αἰθομένας
794 1734 921 1786 &aasz
947 1740 1046 1794 μετὰ
1075 1741 1207 1797 χερσῖν
1232 1735 1408 1799 ἔχοντες,

323 1803 516 1852 Φαίνοντες
549 1804 682 1852 νύκτας
719 1805 819 1844 κατὰ
844 1801 1004 1858 δώματα
1026 1801 1284 1860 δαιτυμόνεσσι
1309 1814 1342 1849 7.

183 1864 244 1910 In
292 1862 420 1909 sestis
483 1880 587 1909 vero
639 1871 745 1908 ante
806 1873 993 1910 noctem
1045 1863 1309 1913 discessisse
1366 1869 1603 1919 videntur.

183 1927 323 1988 Quod
351 1928 597 1975 Nestorem
629 1927 794 1973 saltem
827 1928 1038 1976 hortatur
1063 1929 1278 1990 Athene,
1313 1951 1457 2000 quae,
1497 1934 1611 1982 Libe.

184 2010 314 2051 mus,
348 1995 438 2049 ait,
473 1992 775 2056 cubitumque
799 1993 1016 2042 abeamus
1038 2033 1049 2052 ‚

303 2059 411 2114 Ἤδη
434 2064 512 2123 γὰρ
546 2060 633 2122 φάες
656 2061 766 2118 οἴχεθ’
796 2063 864 2106 ὑπὸ
889 2067 1012 2125 ζόφον*
1051 2064 1130 2108 ούόὲ
1156 2061 1249 2108 ἔεικε

323 2130 433 2179 An&
458 2129 548 2171 θεῶν
574 2124 612 2169 ἐν
646 2126 743 2170 δαιτὶ
774 2128 1011 2187 θαασσέμεν,
1046 2130 1145 2173 ἀλλὰ
1175 2135 1320 2177 νέεσθαι
1342 2131 1378 2178 8.

184 2192 244 2239 In
275 2192 478 2256 Olympo
500 2205 683 2255 quoque
714 2190 830 2248 Dei,

231 2382 270 2427 ι)
295 2383 361 2421 Od.
386 2383 478 2433 VII,
503 2387 582 2424 138.
641 2386 724 2422 vid.
760 2386 789 2421 si
830 2385 947 2423 lubeat
975 2387 1126 2433 argutias
1159 2391 1273 2428 Schol.
1309 2394 1351 2428 ad
1385 2393 1448 2430 Od.
1474 2394 1498 2432 l.
1522 2395 1546 2432 l.
1578 2402 1616 2430 et

186 2437 314 2475 Athen.
338 2440 378 2474 L·
401 2441 432 2477 I.
457 2455 490 2487 p.
514 2445 567 2478 16.
593 2441 633 2478 B.
801 2442 839 2485 2)
865 2442 946 2480 tid.
971 2443 1015 2481 Il.
1040 2445 1130 2489 VII,
1154 2450 1241 2490 480,
1273 2449 1331 2493 qui
1360 2449 1454 2483 locus
1470 2477 1479 2492 ,
1504 2456 1543 2482 ut
1562 2450 1615 2484 ait

187 2489 325 2537 Heyn.‚
358 2495 592 2530 memorabilis
629 2503 680 2529 est
717 2494 759 2529 ad
799 2494 998 2541 religiosum
1030 2511 1167 2535 sensum
1203 2510 1369 2538 veterum.
1417 2501 1521 2546 11.1,
1545 2505 1615 2548 470

187 2556 283 2592 seqq.
308 2546 371 2583 od.
395 2548 472 2596 111,
498 2551 576 2586 333.
600 2549 698 2595 XXI,
723 2552 791 2586 263
812 2563 904 2598 seqq.
932 2552 977 2588 al.
1097 2554 1136 2598 3)
1163 2555 1245 2591 vid.
1266 2556 1332 2590 Od.
1357 2555 1432 2599 ΙΙΙ,
1458 2559 1524 2591 553
1542 2570 1615 2602 seq.

189 2599 237 2635 al.
354 2602 393 2647 4)
418 2602 460 2640 Il.
488 2603 558 2648 lx,
582 2606 661 2651 708.
709 2604 763 2639 Cf.
798 2604 862 2642 Od.
888 2605 1027 2646 XVIII,
1051 2609 1117 2642 418
1151 2620 1247 2655 seqq.
1386 2611 1425 2655 5)
1453 2610 1494 2646 ΙΙ.
1522 2609 1612 2655 VII,

190 2655 262 2699 476
279 2666 351 2701 seq.
467 2657 506 2701 6)
534 2657 576 2694 11.
602 2658 640 2701 Ι,
666 2661 726 2693 6⁰1
763 2670 835 2706 seq.
964 2661 1001 2707 7)
1025 2662 1090 2697 od.
1117 2660 1204 2706 vn,
1233 2677 1293 2699 100
1318 2678 1412 2711 seqq.
1461 2664 1620 2703 cnud.

189 2708 328 2755 XVIII,
354 2712 420 2747 506
444 2724 533 2758 seqq.
564 2713 649 2760 ibiq.
678 2713 793 2751 schol.
930 2714 967 2760 8)
995 2716 1058 2753 Od.
1085 2716 1163 2763 111,
1191 2720 1254 2753 335
1281 2732 1373 2766 seqq.

1266 2773 1292 2808 L
