<?xml version="1.0" encoding="UTF-8"?>
<!DOCTYPE html PUBLIC "-//W3C//DTD XHTML 1.0 Transitional//EN"
    "http://www.w3.org/TR/xhtml1/DTD/xhtml1-transitional.dtd">
<html xmlns="http://www.w3.org/1999/xhtml" xml:lang="en" lang="en">
 <head>
  <title>
</title>
<meta http-equiv="Content-Type" content="text/html;charset=utf-8" />
  <meta name='ocr-system' content='tesseract 3.04.00' />
  <meta name='ocr-capabilities' content='ocr_page ocr_carea ocr_par ocr_line ocrx_word'/>
</head>
<body>
  <div class='ocr_page' id='page_1' title='image "antiquitashomeri00terpuoft_0009.png"; bbox 0 0 1717 3112; ppageno 0'>
   <div class='ocr_carea' id='block_1_1' title="bbox 330 371 1297 492">
    <p class='ocr_par' dir='ltr' id='par_1_1' title="bbox 330 371 1297 492">
     <span class='ocr_line' id='line_1_1' title="bbox 330 371 1297 492; baseline -0.004 0"><span class='ocrx_word' id='word_1_1' title='bbox 330 371 1297 492; x_wconf 72' lang='lat' dir='ltr'>PROOEMIUM</span> 
     </span>
    </p>
   </div>
   <div class='ocr_carea' id='block_1_2' title="bbox 607 690 1020 709">
    <p class='ocr_par' dir='ltr' id='par_1_2' title="bbox 607 690 1020 709">
     <span class='ocr_line' id='line_1_2' title="bbox 607 690 1020 709; baseline 0 2403"><span class='ocrx_word' id='word_1_2' title='bbox 607 690 1020 709; x_wconf 95' lang='lat' dir='ltr'><strong> </strong></span> 
     </span>
    </p>
   </div>
   <div class='ocr_carea' id='block_1_3' title="bbox 107 869 1554 2607">
    <p class='ocr_par' dir='ltr' id='par_1_3' title="bbox 107 869 1537 1814">
     <span class='ocr_line' id='line_1_3' title="bbox 107 869 1520 961; baseline -0.004 -18"><span class='ocrx_word' id='word_1_3' title='bbox 107 869 232 944; x_wconf 87' lang='lat' dir='ltr'><strong>Diu</strong></span> <span class='ocrx_word' id='word_1_4' title='bbox 263 903 360 954; x_wconf 86' lang='lat' dir='ltr'><strong>est,</strong></span> <span class='ocrx_word' id='word_1_5' title='bbox 396 911 452 942; x_wconf 79' lang='lat' dir='ltr'><strong>ex</strong></span> <span class='ocrx_word' id='word_1_6' title='bbox 484 910 577 961; x_wconf 87' lang='lat' dir='ltr'><strong>quo</strong></span> <span class='ocrx_word' id='word_1_7' title='bbox 603 892 759 959; x_wconf 86' lang='lat' dir='ltr'><strong>operi,</strong></span> <span class='ocrx_word' id='word_1_8' title='bbox 794 891 922 957; x_wconf 87' lang='lat' dir='ltr'>quod</span> <span class='ocrx_word' id='word_1_9' title='bbox 951 910 1037 958; x_wconf 85' lang='lat' dir='ltr'><strong>pro</strong></span> <span class='ocrx_word' id='word_1_10' title='bbox 1083 891 1202 941; x_wconf 81' lang='lat' dir='ltr'><strong>virili</strong></span> <span class='ocrx_word' id='word_1_11' title='bbox 1232 900 1365 959; x_wconf 85' lang='lat' dir='ltr'><strong>parte</strong></span> <span class='ocrx_word' id='word_1_12' title='bbox 1402 908 1520 943; x_wconf 64' lang='lat' dir='ltr'><strong>cona</strong></span> 
     </span>
     <span class='ocr_line' id='line_1_4' title="bbox 109 972 1526 1042; baseline -0.001 -21"><span class='ocrx_word' id='word_1_13' title='bbox 109 973 283 1021; x_wconf 83' lang='lat' dir='ltr'><strong>fectum</strong></span> <span class='ocrx_word' id='word_1_14' title='bbox 322 977 417 1042; x_wconf 84' lang='lat' dir='ltr'><strong>jam</strong></span> <span class='ocrx_word' id='word_1_15' title='bbox 460 972 642 1020; x_wconf 84' lang='lat' dir='ltr'><strong>edimus</strong></span> <span class='ocrx_word' id='word_1_16' title='bbox 661 1008 675 1029; x_wconf 78' lang='lat'><em>‚</em></span> <span class='ocrx_word' id='word_1_17' title='bbox 709 987 872 1017; x_wconf 86' lang='lat' dir='ltr'><strong>manus</strong></span> <span class='ocrx_word' id='word_1_18' title='bbox 910 972 1155 1019; x_wconf 84' lang='lat' dir='ltr'><strong>admovere</strong></span> <span class='ocrx_word' id='word_1_19' title='bbox 1186 972 1236 1018; x_wconf 90' lang='lat' dir='ltr'><strong>in</strong></span> <span class='ocrx_word' id='word_1_20' title='bbox 1265 988 1409 1038; x_wconf 91' lang='lat' dir='ltr'><strong>eoque</strong></span> <span class='ocrx_word' id='word_1_21' title='bbox 1441 992 1526 1040; x_wconf 87' lang='lat' dir='ltr'><strong>ap-</strong></span> 
     </span>
     <span class='ocr_line' id='line_1_5' title="bbox 109 1048 1523 1117; baseline -0.001 -18"><span class='ocrx_word' id='word_1_22' title='bbox 109 1051 317 1117; x_wconf 86' lang='lat' dir='ltr'>parando</span> <span class='ocrx_word' id='word_1_23' title='bbox 368 1068 505 1099; x_wconf 89' lang='lat' dir='ltr'><strong>omne</strong></span> <span class='ocrx_word' id='word_1_24' title='bbox 550 1048 1016 1117; x_wconf 84' lang='lat' dir='ltr'><strong>quantulumcunque</strong></span> <span class='ocrx_word' id='word_1_25' title='bbox 1056 1050 1203 1097; x_wconf 82' lang='lat' dir='ltr'><strong>otium</strong></span> <span class='ocrx_word' id='word_1_26' title='bbox 1248 1066 1523 1099; x_wconf 86' lang='lat' dir='ltr'><strong>consumere</strong></span> 
     </span>
     <span class='ocr_line' id='line_1_6' title="bbox 112 1127 1528 1195; baseline -0.002 -19"><span class='ocrx_word' id='word_1_27' title='bbox 112 1130 365 1195; x_wconf 90' lang='lat' dir='ltr'><strong>coepimus.</strong></span> <span class='ocrx_word' id='word_1_28' title='bbox 433 1131 539 1190; x_wconf 87' lang='lat' dir='ltr'><strong>Quo</strong></span> <span class='ocrx_word' id='word_1_29' title='bbox 565 1129 688 1177; x_wconf 90' lang='lat' dir='ltr'><strong>libro</strong></span> <span class='ocrx_word' id='word_1_30' title='bbox 712 1127 962 1175; x_wconf 83' lang='lat' dir='ltr'><strong>scribendo</strong></span> <span class='ocrx_word' id='word_1_31' title='bbox 988 1145 1049 1175; x_wconf 85' lang='lat' dir='ltr'><strong>ne</strong></span> <span class='ocrx_word' id='word_1_32' title='bbox 1079 1138 1186 1193; x_wconf 85' lang='lat' dir='ltr'><strong>post</strong></span> <span class='ocrx_word' id='word_1_33' title='bbox 1212 1129 1348 1178; x_wconf 86' lang='lat' dir='ltr'><strong>Doct.</strong></span> <span class='ocrx_word' id='word_1_34' title='bbox 1379 1129 1528 1178; x_wconf 77' lang='lat' dir='ltr'><strong>Ever-</strong></span> 
     </span>
     <span class='ocr_line' id='line_1_7' title="bbox 110 1205 1527 1274; baseline 0.001 -19"><span class='ocrx_word' id='word_1_35' title='bbox 110 1205 243 1255; x_wconf 86' lang='lat' dir='ltr'><strong>hardi</strong></span> <span class='ocrx_word' id='word_1_36' title='bbox 286 1208 326 1255; x_wconf 90' lang='lat' dir='ltr'><strong>F</strong></span> <span class='ocrx_word' id='word_1_37' title='bbox 330 1207 462 1255; x_wconf 86' lang='lat' dir='ltr'><strong>eithii</strong></span> <span class='ocrx_word' id='word_1_38' title='bbox 515 1209 825 1274; x_wconf 82' lang='lat' dir='ltr'><strong>Antiquitates</strong></span> <span class='ocrx_word' id='word_1_39' title='bbox 875 1207 1150 1254; x_wconf 83' lang='lat' dir='ltr'><strong>Homericas</strong></span> <span class='ocrx_word' id='word_1_40' title='bbox 1200 1224 1302 1253; x_wconf 89' lang='lat' dir='ltr'><strong>rem</strong></span> <span class='ocrx_word' id='word_1_41' title='bbox 1357 1208 1527 1257; x_wconf 84' lang='lat' dir='ltr'><strong>factam</strong></span> 
     </span>
     <span class='ocr_line' id='line_1_8' title="bbox 112 1278 1527 1352; baseline 0.001 -20"><span class='ocrx_word' id='word_1_42' title='bbox 112 1278 275 1334; x_wconf 83' lang='lat' dir='ltr'><strong>fecisse</strong></span> <span class='ocrx_word' id='word_1_43' title='bbox 302 1294 438 1352; x_wconf 83' lang='lat' dir='ltr'><strong>atque</strong></span> <span class='ocrx_word' id='word_1_44' title='bbox 470 1285 622 1333; x_wconf 86' lang='lat' dir='ltr'><strong>oleum</strong></span> <span class='ocrx_word' id='word_1_45' title='bbox 652 1294 698 1332; x_wconf 87' lang='lat' dir='ltr'><strong>et</strong></span> <span class='ocrx_word' id='word_1_46' title='bbox 735 1302 949 1351; x_wconf 80' lang='lat' dir='ltr'>operam,</span> <span class='ocrx_word' id='word_1_47' title='bbox 984 1294 1036 1332; x_wconf 86' lang='lat' dir='ltr'><strong>ut</strong></span> <span class='ocrx_word' id='word_1_48' title='bbox 1064 1288 1227 1349; x_wconf 83' lang='lat' dir='ltr'><strong>ajunt,</strong></span> <span class='ocrx_word' id='word_1_49' title='bbox 1266 1285 1527 1350; x_wconf 80' lang='lat' dir='ltr'><strong>perdidisse</strong></span> 
     </span>
     <span class='ocr_line' id='line_1_9' title="bbox 112 1359 1530 1428; baseline 0 -17"><span class='ocrx_word' id='word_1_50' title='bbox 112 1364 378 1421; x_wconf 87' lang='lat' dir='ltr'><strong>videamur,</strong></span> <span class='ocrx_word' id='word_1_51' title='bbox 413 1364 602 1427; x_wconf 57' lang='lat' dir='ltr'><strong>paucis»,</strong></span> <span class='ocrx_word' id='word_1_52' title='bbox 636 1363 691 1410; x_wconf 83' lang='grc' dir='ltr'><strong>Β.</strong></span> <span class='ocrx_word' id='word_1_53' title='bbox 716 1359 772 1410; x_wconf 90' lang='lat' dir='ltr'><strong>L.</strong></span> <span class='ocrx_word' id='word_1_54' title='bbox 792 1400 804 1420; x_wconf 89' lang='lat'><strong>‚</strong></span> <span class='ocrx_word' id='word_1_55' title='bbox 843 1363 1041 1427; x_wconf 82' lang='lat' dir='ltr'><strong>accipias</strong></span> <span class='ocrx_word' id='word_1_56' title='bbox 1060 1401 1071 1420; x_wconf 92' lang='lat'>,</span> <span class='ocrx_word' id='word_1_57' title='bbox 1101 1380 1218 1428; x_wconf 80' lang='lat' dir='ltr'><strong>quae</strong></span> <span class='ocrx_word' id='word_1_58' title='bbox 1250 1366 1404 1428; x_wconf 89' lang='lat' dir='ltr'><strong>operis</strong></span> <span class='ocrx_word' id='word_1_59' title='bbox 1429 1381 1530 1412; x_wconf 88' lang='lat' dir='ltr'><strong>sus-</strong></span> 
     </span>
     <span class='ocr_line' id='line_1_10' title="bbox 115 1439 1532 1508; baseline 0.001 -18"><span class='ocrx_word' id='word_1_60' title='bbox 115 1441 322 1508; x_wconf 88' lang='lat' dir='ltr'><strong>cipiendi</strong></span> <span class='ocrx_word' id='word_1_61' title='bbox 363 1458 520 1488; x_wconf 86' lang='lat' dir='ltr'>caussa</span> <span class='ocrx_word' id='word_1_62' title='bbox 540 1477 553 1498; x_wconf 84' lang='lat'>‚</span> <span class='ocrx_word' id='word_1_63' title='bbox 586 1457 703 1506; x_wconf 82' lang='lat' dir='ltr'><strong>quae</strong></span> <span class='ocrx_word' id='word_1_64' title='bbox 747 1439 1018 1487; x_wconf 81' lang='lat' dir='ltr'><strong>elaborandi</strong></span> <span class='ocrx_word' id='word_1_65' title='bbox 1045 1442 1192 1499; x_wconf 77' lang='lat' dir='ltr'><strong>ratic,</strong></span> <span class='ocrx_word' id='word_1_66' title='bbox 1228 1443 1352 1507; x_wconf 90' lang='lat' dir='ltr'>quod</span> <span class='ocrx_word' id='word_1_67' title='bbox 1383 1443 1532 1493; x_wconf 71' lang='lat' dir='ltr'><strong>eden-d,</strong></span> 
     </span>
     <span class='ocr_line' id='line_1_11' title="bbox 117 1506 1529 1586; baseline 0.003 -19"><span class='ocrx_word' id='word_1_68' title='bbox 117 1520 166 1568; x_wconf 86' lang='lat' dir='ltr'><strong>di</strong></span> <span class='ocrx_word' id='word_1_69' title='bbox 197 1521 489 1586; x_wconf 88' lang='lat' dir='ltr'><strong>propositum</strong></span> <span class='ocrx_word' id='word_1_70' title='bbox 514 1506 680 1564; x_wconf 67' lang='lat' dir='ltr'><strong>fuerit:</strong></span> <span class='ocrx_word' id='word_1_71' title='bbox 720 1517 889 1584; x_wconf 86' lang='lat' dir='ltr'><strong>quibus</strong></span> <span class='ocrx_word' id='word_1_72' title='bbox 920 1519 1117 1583; x_wconf 83' lang='lat' dir='ltr'>cognitis</span> <span class='ocrx_word' id='word_1_73' title='bbox 1148 1528 1194 1565; x_wconf 76' lang='lat' dir='ltr'><strong>et</strong></span> <span class='ocrx_word' id='word_1_74' title='bbox 1227 1521 1475 1569; x_wconf 86' lang='lat' dir='ltr'><strong>consilium</strong></span> <span class='ocrx_word' id='word_1_75' title='bbox 1502 1541 1529 1571; x_wconf 90' lang='lat' dir='ltr'>a</span> 
     </span>
     <span class='ocr_line' id='line_1_12' title="bbox 118 1594 1536 1667; baseline 0.001 -19"><span class='ocrx_word' id='word_1_76' title='bbox 118 1617 194 1649; x_wconf 89' lang='lat' dir='ltr'><strong>me</strong></span> <span class='ocrx_word' id='word_1_77' title='bbox 221 1608 408 1665; x_wconf 78' lang='lat' dir='ltr'><strong>captum</strong></span> <span class='ocrx_word' id='word_1_78' title='bbox 438 1594 657 1661; x_wconf 83' lang='lat' dir='ltr'><strong>probabis</strong></span> <span class='ocrx_word' id='word_1_79' title='bbox 676 1633 688 1654; x_wconf 88' lang='lat'>,</span> <span class='ocrx_word' id='word_1_80' title='bbox 723 1605 770 1641; x_wconf 85' lang='lat' dir='ltr'><strong>et</strong></span> <span class='ocrx_word' id='word_1_81' title='bbox 795 1596 847 1642; x_wconf 86' lang='lat' dir='ltr'><strong>in</strong></span> <span class='ocrx_word' id='word_1_82' title='bbox 884 1598 1134 1660; x_wconf 84' lang='lat' dir='ltr'><strong>juventutis</strong></span> <span class='ocrx_word' id='word_1_83' title='bbox 1159 1598 1406 1647; x_wconf 80' lang='lat' dir='ltr'><strong>utilitatem</strong></span> <span class='ocrx_word' id='word_1_84' title='bbox 1430 1619 1536 1667; x_wconf 86' lang='lat' dir='ltr'><strong>per·</strong></span> 
     </span>
     <span class='ocr_line' id='line_1_13' title="bbox 120 1673 1537 1743; baseline 0.003 -18"><span class='ocrx_word' id='word_1_85' title='bbox 120 1680 292 1726; x_wconf 74' lang='lat' dir='ltr'><strong>fectum</strong></span> <span class='ocrx_word' id='word_1_86' title='bbox 319 1674 548 1739; x_wconf 78' lang='lat' dir='ltr'><strong>intelliges</strong></span> <span class='ocrx_word' id='word_1_87' title='bbox 567 1713 579 1733; x_wconf 91' lang='lat'>‚</span> <span class='ocrx_word' id='word_1_88' title='bbox 611 1692 695 1721; x_wconf 87' lang='lat' dir='ltr'><strong>nec</strong></span> <span class='ocrx_word' id='word_1_89' title='bbox 722 1676 818 1739; x_wconf 83' lang='lat' dir='ltr'><strong>jam</strong></span> <span class='ocrx_word' id='word_1_90' title='bbox 846 1673 1025 1722; x_wconf 88' lang='lat' dir='ltr'>dudum</span> <span class='ocrx_word' id='word_1_91' title='bbox 1050 1685 1185 1724; x_wconf 82' lang='lat' dir='ltr'><strong>antea</strong></span> <span class='ocrx_word' id='word_1_92' title='bbox 1212 1677 1386 1727; x_wconf 85' lang='lat' dir='ltr'><strong>initum</strong></span> <span class='ocrx_word' id='word_1_93' title='bbox 1410 1698 1537 1743; x_wconf 84' lang='lat' dir='ltr'><strong>esse,</strong></span> 
     </span>
     <span class='ocr_line' id='line_1_14' title="bbox 122 1753 661 1814; baseline -0.007 -10"><span class='ocrx_word' id='word_1_94' title='bbox 122 1759 173 1805; x_wconf 87' lang='lat' dir='ltr'><strong>ni</strong></span> <span class='ocrx_word' id='word_1_95' title='bbox 206 1754 367 1814; x_wconf 74' lang='lat' dir='ltr'><strong>fallor,</strong></span> <span class='ocrx_word' id='word_1_96' title='bbox 403 1753 661 1801; x_wconf 79' lang='lat' dir='ltr'><strong>miraberis.</strong></span> 
     </span>
    </p>

    <p class='ocr_par' dir='ltr' id='par_1_4' title="bbox 124 1833 1554 2607">
     <span class='ocr_line' id='line_1_15' title="bbox 188 1833 1540 1902; baseline 0.005 -24"><span class='ocrx_word' id='word_1_97' title='bbox 188 1838 228 1884; x_wconf 91' lang='lat' dir='ltr'><strong>A</strong></span> <span class='ocrx_word' id='word_1_98' title='bbox 262 1851 353 1902; x_wconf 82' lang='lat' dir='ltr'><strong>quo</strong></span> <span class='ocrx_word' id='word_1_99' title='bbox 380 1834 556 1880; x_wconf 84' lang='lat' dir='ltr'><strong>scilicet</strong></span> <span class='ocrx_word' id='word_1_100' title='bbox 585 1841 796 1897; x_wconf 82' lang='lat' dir='ltr'><strong>tempore</strong></span> <span class='ocrx_word' id='word_1_101' title='bbox 840 1833 1098 1880; x_wconf 86' lang='lat' dir='ltr'><strong>Homerum</strong></span> <span class='ocrx_word' id='word_1_102' title='bbox 1140 1848 1195 1880; x_wconf 83' lang='lat' dir='ltr'><strong>ex</strong></span> <span class='ocrx_word' id='word_1_103' title='bbox 1236 1835 1423 1884; x_wconf 83' lang='lat' dir='ltr'><strong>Graecis</strong></span> <span class='ocrx_word' id='word_1_104' title='bbox 1459 1855 1540 1885; x_wconf 84' lang='lat' dir='ltr'><strong>an-</strong></span> 
     </span>
     <span class='ocr_line' id='line_1_16' title="bbox 124 1909 1540 1979; baseline 0 -17"><span class='ocrx_word' id='word_1_105' title='bbox 124 1912 330 1962; x_wconf 81' lang='lat' dir='ltr'><strong>ctoribus</strong></span> <span class='ocrx_word' id='word_1_106' title='bbox 360 1909 474 1958; x_wconf 86' lang='lat' dir='ltr'><strong>mihi</strong></span> <span class='ocrx_word' id='word_1_107' title='bbox 502 1911 637 1976; x_wconf 90' lang='lat' dir='ltr'><strong>cepi,</strong></span> <span class='ocrx_word' id='word_1_108' title='bbox 672 1927 811 1976; x_wconf 88' lang='lat' dir='ltr'><strong>quem</strong></span> <span class='ocrx_word' id='word_1_109' title='bbox 839 1922 1096 1971; x_wconf 75' lang='lat' dir='ltr'><strong>nocturna,</strong></span> <span class='ocrx_word' id='word_1_110' title='bbox 1130 1922 1182 1959; x_wconf 80' lang='lat' dir='ltr'><strong>ut</strong></span> <span class='ocrx_word' id='word_1_111' title='bbox 1211 1914 1260 1959; x_wconf 88' lang='lat' dir='ltr'><strong>in</strong></span> <span class='ocrx_word' id='word_1_112' title='bbox 1289 1915 1540 1979; x_wconf 87' lang='lat' dir='ltr'><strong>proverbio</strong></span> 
     </span>
     <span class='ocr_line' id='line_1_17' title="bbox 130 1991 1542 2058; baseline 0.001 -18"><span class='ocrx_word' id='word_1_113' title='bbox 130 2001 227 2050; x_wconf 83' lang='lat' dir='ltr'><strong>est,</strong></span> <span class='ocrx_word' id='word_1_114' title='bbox 263 1991 524 2054; x_wconf 84' lang='lat' dir='ltr'><strong>diurnaque</strong></span> <span class='ocrx_word' id='word_1_115' title='bbox 562 2005 705 2035; x_wconf 85' lang='lat' dir='ltr'>manu</span> <span class='ocrx_word' id='word_1_116' title='bbox 746 2006 975 2037; x_wconf 84' lang='lat' dir='ltr'><strong>versarem</strong></span> <span class='ocrx_word' id='word_1_117' title='bbox 997 2027 1009 2049; x_wconf 89' lang='lat'>,</span> <span class='ocrx_word' id='word_1_118' title='bbox 1047 1999 1100 2038; x_wconf 87' lang='lat' dir='ltr'><strong>ut</strong></span> <span class='ocrx_word' id='word_1_119' title='bbox 1141 2007 1277 2050; x_wconf 88' lang='lat' dir='ltr'><strong>eum,</strong></span> <span class='ocrx_word' id='word_1_120' title='bbox 1312 2004 1542 2058; x_wconf 84' lang='lat' dir='ltr'><strong>quantum</strong></span> 
     </span>
     <span class='ocr_line' id='line_1_18' title="bbox 127 2069 1542 2133; baseline 0.001 -14"><span class='ocrx_word' id='word_1_121' title='bbox 127 2070 311 2125; x_wconf 86' lang='lat' dir='ltr'><strong>liceret,</strong></span> <span class='ocrx_word' id='word_1_122' title='bbox 370 2069 420 2115; x_wconf 92' lang='lat' dir='ltr'><strong>in</strong></span> <span class='ocrx_word' id='word_1_123' title='bbox 458 2084 648 2115; x_wconf 89' lang='lat' dir='ltr'><strong>succum</strong></span> <span class='ocrx_word' id='word_1_124' title='bbox 689 2076 736 2115; x_wconf 83' lang='lat' dir='ltr'><strong>et</strong></span> <span class='ocrx_word' id='word_1_125' title='bbox 781 2071 1052 2133; x_wconf 81' lang='lat' dir='ltr'><strong>sanguinem</strong></span> <span class='ocrx_word' id='word_1_126' title='bbox 1093 2079 1352 2118; x_wconf 79' lang='lat' dir='ltr'><strong>verterem:</strong></span> <span class='ocrx_word' id='word_1_127' title='bbox 1391 2090 1448 2120; x_wconf 75' lang='lat' dir='ltr'><strong>ex</strong></span> <span class='ocrx_word' id='word_1_128' title='bbox 1487 2091 1542 2121; x_wconf 89' lang='lat' dir='ltr'><strong>eo</strong></span> 
     </span>
     <span class='ocr_line' id='line_1_19' title="bbox 125 2147 1548 2215; baseline 0.002 -19"><span class='ocrx_word' id='word_1_129' title='bbox 125 2152 265 2214; x_wconf 84' lang='lat' dir='ltr'><strong>igitur</strong></span> <span class='ocrx_word' id='word_1_130' title='bbox 292 2158 504 2213; x_wconf 80' lang='lat' dir='ltr'><strong>tempore</strong></span> <span class='ocrx_word' id='word_1_131' title='bbox 532 2163 743 2206; x_wconf 85' lang='lat' dir='ltr'><strong>omnem,</strong></span> <span class='ocrx_word' id='word_1_132' title='bbox 781 2165 921 2215; x_wconf 87' lang='lat' dir='ltr'><strong>quem</strong></span> <span class='ocrx_word' id='word_1_133' title='bbox 957 2147 1117 2207; x_wconf 78' lang='lat' dir='ltr'><strong>licuit,</strong></span> <span class='ocrx_word' id='word_1_134' title='bbox 1153 2159 1427 2214; x_wconf 81' lang='lat' dir='ltr'><strong>apparatum</strong></span> <span class='ocrx_word' id='word_1_135' title='bbox 1453 2152 1548 2200; x_wconf 84' lang='lat' dir='ltr'><strong>col-</strong></span> 
     </span>
     <span class='ocr_line' id='line_1_20' title="bbox 127 2225 1547 2294; baseline 0.003 -20"><span class='ocrx_word' id='word_1_136' title='bbox 127 2227 244 2292; x_wconf 85' lang='lat' dir='ltr'><strong>legi,</strong></span> <span class='ocrx_word' id='word_1_137' title='bbox 279 2244 371 2292; x_wconf 88' lang='lat' dir='ltr'><strong>quo</strong></span> <span class='ocrx_word' id='word_1_138' title='bbox 409 2227 579 2273; x_wconf 71' lang='lat' dir='ltr'><strong>Poetae</strong></span> <span class='ocrx_word' id='word_1_139' title='bbox 617 2242 714 2272; x_wconf 87' lang='lat' dir='ltr'><strong>non</strong></span> <span class='ocrx_word' id='word_1_140' title='bbox 755 2225 896 2273; x_wconf 81' lang='lat' dir='ltr'><strong>verba</strong></span> <span class='ocrx_word' id='word_1_141' title='bbox 935 2235 1117 2273; x_wconf 82' lang='lat' dir='ltr'><strong>tantum</strong></span> <span class='ocrx_word' id='word_1_142' title='bbox 1156 2228 1244 2274; x_wconf 85' lang='lat' dir='ltr'><strong>rite</strong></span> <span class='ocrx_word' id='word_1_143' title='bbox 1270 2228 1547 2294; x_wconf 84' lang='lat' dir='ltr'><strong>interpreta-</strong></span> 
     </span>
     <span class='ocr_line' id='line_1_21' title="bbox 130 2304 1548 2372; baseline 0.003 -19"><span class='ocrx_word' id='word_1_144' title='bbox 130 2323 232 2364; x_wconf 87' lang='lat' dir='ltr'><strong>rer,</strong></span> <span class='ocrx_word' id='word_1_145' title='bbox 266 2305 350 2353; x_wconf 88' lang='lat' dir='ltr'><strong>sed</strong></span> <span class='ocrx_word' id='word_1_146' title='bbox 395 2305 648 2352; x_wconf 82' lang='lat' dir='ltr'><strong>sententias</strong></span> <span class='ocrx_word' id='word_1_147' title='bbox 687 2305 826 2351; x_wconf 84' lang='lat' dir='ltr'><strong>etiam</strong></span> <span class='ocrx_word' id='word_1_148' title='bbox 868 2304 1165 2370; x_wconf 84' lang='lat' dir='ltr'><strong>adsequerer:</strong></span> <span class='ocrx_word' id='word_1_149' title='bbox 1201 2323 1292 2372; x_wconf 90' lang='lat' dir='ltr'><strong>quo</strong></span> <span class='ocrx_word' id='word_1_150' title='bbox 1334 2307 1548 2357; x_wconf 83' lang='lat' dir='ltr'><strong>heroicae</strong></span> 
     </span>
     <span class='ocr_line' id='line_1_22' title="bbox 133 2382 1549 2448; baseline 0.003 -16"><span class='ocrx_word' id='word_1_151' title='bbox 133 2386 296 2432; x_wconf 80' lang='lat' dir='ltr'><strong>aetatis</strong></span> <span class='ocrx_word' id='word_1_152' title='bbox 340 2400 491 2430; x_wconf 84' lang='lat' dir='ltr'><strong>mores</strong></span> <span class='ocrx_word' id='word_1_153' title='bbox 529 2392 576 2429; x_wconf 81' lang='lat' dir='ltr'><strong>et</strong></span> <span class='ocrx_word' id='word_1_154' title='bbox 616 2382 856 2441; x_wconf 82' lang='lat' dir='ltr'><strong>instituta,</strong></span> <span class='ocrx_word' id='word_1_155' title='bbox 908 2401 1188 2448; x_wconf 86' lang='lat' dir='ltr'><strong>omnemque</strong></span> <span class='ocrx_word' id='word_1_156' title='bbox 1234 2385 1349 2432; x_wconf 78' lang='lat' dir='ltr'><strong>adeo</strong></span> <span class='ocrx_word' id='word_1_157' title='bbox 1388 2404 1549 2437; x_wconf 85' lang='lat' dir='ltr'><strong>eorum</strong></span> 
     </span>
     <span class='ocr_line' id='line_1_23' title="bbox 132 2461 1552 2528; baseline 0.002 -17"><span class='ocrx_word' id='word_1_158' title='bbox 132 2462 381 2512; x_wconf 89' lang='lat' dir='ltr'><strong>hominum</strong></span> <span class='ocrx_word' id='word_1_159' title='bbox 433 2461 662 2520; x_wconf 86' lang='lat' dir='ltr'><strong>vivendi,</strong></span> <span class='ocrx_word' id='word_1_160' title='bbox 708 2461 907 2524; x_wconf 81' lang='lat' dir='ltr'><strong>agendi,</strong></span> <span class='ocrx_word' id='word_1_161' title='bbox 958 2463 1283 2528; x_wconf 79' lang='lat' dir='ltr'><strong>cogitandique</strong></span> <span class='ocrx_word' id='word_1_162' title='bbox 1321 2466 1552 2514; x_wconf 78' lang='lat' dir='ltr'><strong>rationem</strong></span> 
     </span>
     <span class='ocr_line' id='line_1_24' title="bbox 134 2540 1554 2607; baseline 0.004 -21"><span class='ocrx_word' id='word_1_163' title='bbox 134 2542 324 2606; x_wconf 83' lang='lat' dir='ltr'><strong>penitus</strong></span> <span class='ocrx_word' id='word_1_164' title='bbox 359 2540 689 2605; x_wconf 82' lang='lat' dir='ltr'><strong>perspicerem.</strong></span> <span class='ocrx_word' id='word_1_165' title='bbox 770 2540 825 2586; x_wconf 89' lang='lat' dir='ltr'><strong>In</strong></span> <span class='ocrx_word' id='word_1_166' title='bbox 881 2558 970 2604; x_wconf 85' lang='lat' dir='ltr'><strong>qua</strong></span> <span class='ocrx_word' id='word_1_167' title='bbox 1017 2541 1299 2607; x_wconf 81' lang='lat' dir='ltr'><strong>supellectile</strong></span> <span class='ocrx_word' id='word_1_168' title='bbox 1339 2543 1554 2591; x_wconf 67' lang='lat' dir='ltr'><strong>Homeri-1</strong></span> 
     </span>
    </p>
   </div>
   <div class='ocr_carea' id='block_1_4' title="bbox 138 2618 1554 2671">
    <p class='ocr_par' dir='ltr' id='par_1_5' title="bbox 138 2618 1554 2671">
     <span class='ocr_line' id='line_1_25' title="bbox 138 2618 1554 2671; baseline 0.004 -6"><span class='ocrx_word' id='word_1_169' title='bbox 138 2636 191 2666; x_wconf 76' lang='lat' dir='ltr'><strong>ca</strong></span> <span class='ocrx_word' id='word_1_170' title='bbox 226 2619 349 2667; x_wconf 82' lang='lat' dir='ltr'>haud</span> <span class='ocrx_word' id='word_1_171' title='bbox 380 2618 541 2666; x_wconf 65' lang='lat' dir='ltr'><strong>ulkimo</strong></span> <span class='ocrx_word' id='word_1_172' title='bbox 586 2618 704 2666; x_wconf 88' lang='lat' dir='ltr'><strong>mihi</strong></span> <span class='ocrx_word' id='word_1_173' title='bbox 741 2618 839 2665; x_wconf 90' lang='lat' dir='ltr'><strong>loco</strong></span> <span class='ocrx_word' id='word_1_174' title='bbox 872 2618 961 2666; x_wconf 82' lang='lat' dir='ltr'><strong>fuit</strong></span> <span class='ocrx_word' id='word_1_175' title='bbox 989 2620 1252 2669; x_wconf 80' lang='lat' dir='ltr'><strong>Everhardi</strong></span> <span class='ocrx_word' id='word_1_176' title='bbox 1285 2621 1324 2668; x_wconf 87' lang='lat' dir='ltr'><strong>F</strong></span> <span class='ocrx_word' id='word_1_177' title='bbox 1326 2623 1458 2671; x_wconf 79' lang='lat' dir='ltr'><strong>eithii</strong></span> <span class='ocrx_word' id='word_1_178' title='bbox 1494 2624 1554 2670; x_wconf 80' lang='lat' dir='ltr'><strong>de</strong></span> 
     </span>
    </p>
   </div>
   <div class='ocr_carea' id='block_1_5' title="bbox 1160 2699 1558 2749">
    <p class='ocr_par' dir='ltr' id='par_1_6' title="bbox 1160 2699 1558 2749">
     <span class='ocr_line' id='line_1_26' title="bbox 1160 2699 1558 2749; baseline 0.005 -2"><span class='ocrx_word' id='word_1_179' title='bbox 1160 2700 1179 2722; x_wconf 70' lang='lat'><strong>⁸</strong></span> <span class='ocrx_word' id='word_1_180' title='bbox 1200 2699 1223 2733; x_wconf 79' lang='lat'>4</span> <span class='ocrx_word' id='word_1_181' title='bbox 1476 2719 1558 2749; x_wconf 81' lang='lat' dir='ltr'><strong>an-</strong></span> 
     </span>
    </p>
   </div>
  </div>
 </body>
</html>
