1780 3120
596 134 1170 187 HOMERICA.
1479 131 1568 188 351

283 267 392 323 ”Hdn
415 273 517 330 γὰρ,
549 265 700 332 inquit
718 303 730 323 ‚
766 273 828 313 καί
851 268 953 329 δεῦρό
983 265 1062 314 παῖ’
1086 267 1200 321 ἤλυθε
1228 269 1302 322 &teg
1329 268 1538 324 Ὀδυσσεὺς

303 339 376 380 Σεῦ
400 332 492 380 ἕνεκ’
514 338 687 396 ἀγγελίης
716 332 1008 396 σύν”Αρηὶ”φιλῳ
1038 332 1240 396 Menelaos
1267 344 1302 382 ι.

161 398 297 447 Idem
329 399 473 446 Poeta
504 416 530 444 a
571 397 736 444 Paride
780 407 1054 463 corruptum
1086 398 1416 446 Antimachum
1446 401 1568 449 Tro,-

160 467 304 530 janis‚
353 480 412 509 ne
445 462 672 510 Helenam
706 462 993 527 Graecorum
1041 463 1196 526 legatis
1243 463 1300 510 ab
1320 464 1566 513 incendam

161 531 395 577 traderent
414 567 425 581 ,
471 531 665 575 suasisse
715 531 960 576 memoriae
1009 528 1242 592 prodidit:
1301 531 1426 594 quod
1482 533 1570 577 im-

155 598 286 661 pium
321 596 465 659 patris
502 592 765 640 Antimachi
803 595 978 641 facinus
1019 594 1271 640 liberorum
1299 612 1414 643 nece
1466 599 1572 643 vin-

154 662 327 709 dicavit
365 662 686 723 Agamemnon
705 671 744 707 2.
813 661 973 721 Legati
1010 669 1162 706 autem
1183 697 1194 715 ‚
1234 670 1283 705 ut
1318 660 1442 725 apud
1463 661 1575 709 reli—

155 743 268 793 quas
297 734 480 788 gentes,
516 725 579 770 ita
617 723 742 788 apud
765 725 968 771 Graecos
996 734 1042 771 et
1080 725 1304 787 Troianos
1334 743 1444 772 aevo
1485 728 1573 774 he-

154 794 308 846 roico,
346 789 600 836 venerandi
629 789 916 835 habebantur
944 799 990 835 et
1016 791 1311 837 sacrosancti.
1380 793 1483 851 Qua
1509 792 1571 838 de

153 874 288 904 causa
325 856 537 901 Antenor
568 853 832 900 Menelaum
874 864 920 900 et
943 855 1188 918 Ulyssem,
1224 875 1247 902 a
1274 858 1462 904 Graecis
1492 857 1576 904 de..

150 922 321 986 legatos
338 956 349 976 ‚
380 936 428 965 se
460 920 605 965 amice
628 921 862 982 excepisse
889 937 1035 984 eoque
1051 958 1063 978 ,
1087 938 1178 985 quo
1198 920 1358 982 decet,
1391 924 1568 971 honore

147 992 445 1053 prosecutum
476 1001 574 1030 esse
594 984 798 1030 Helenae
824 996 1010 1033 narrat:

288 1055 381 1104 Τοὺς
411 1046 449 1097 δ’
479 1053 551 1113 ἐγὼ
576 1052 762 1103 ἐξείνισσα
780 1087 790 1105 ,
827 1058 890 1097 καί
912 1057 948 1097 έν
976 1060 1190 1114 μεγάρεισιν
1219 1056 1388 1117 φίλησα,

282 1115 522 1178 'Amore-'pm
550 1117 588 1161 δὲ
625 1122 716 1178 φυὴν
744 1118 853 1169 ἐδάην
884 1121 949 1162 καί
976 1122 1098 1178 afflant
1125 1123 1247 1165 πυκνά
1267 1118 1302 1164 5.

149 1182 290 1231 Unde
319 1182 461 1227 etiam
490 1185 572 1226 θεῖει
593 1190 749 1242 κήρυκες
776 1181 833 1227 ab
857 1182 1064 1229 Homero
1086 1194 1446 1248 nuncupantur,
1481 1188 1565 1254 qui

148 1249 241 1296 huc
262 1246 373 1307 illuc
393 1244 594 1310 publicis
618 1246 677 1291 de
708 1247 857 1293 causis
882 1265 906 1293 a
935 1248 1117 1311 regibus
1144 1248 1339 1313 ablegati
1366 1264 1500 1299 erant
1521 1255 1561 1301 4.

145 1316 217 1362 Ex
241 1311 501 1360 foederibus
527 1310 648 1357 bello
679 1311 899 1375 flagrante
929 1315 1164 1378 utrimque
1196 1316 1252 1361 ab
1275 1315 1403 1363 hoste
1432 1319 1562 1377 ictis,

144 1398 203 1428 ne
233 1379 365 1445 plura
385 1377 600 1433 afferam5
640 1376 760 1424 illud
794 1396 939 1425 unum
970 1381 1177 1442 cogitetis
1198 1418 1208 1438 ‚
1244 1382 1369 1446 quod
1404 1383 1564 1432 iliadis

138 1447 261 1494 libro
305 1443 438 1491 tertio
484 1442 655 1488 factum
701 1444 826 1490 canit
859 1445 1029 1503 Poe'ta,
1075 1462 1182 1492 cum
1222 1447 1352 1495 Paris
1391 1458 1439 1496 et
1462 1451 1562 1498 Me-

142 1512 304 1560 nelaus
332 1517 564 1571 μονομαχίαν
596 1509 752 1554 inituri
785 1519 930 1557 erant.

202 1578 242 1640 ξ.
280 1575 324 1622 3.
392 1575 466 1622 Ab
500 1573 612 1638 ipsis
652 1575 892 1639 utriusque
932 1577 1096 1640 populi
1138 1576 1324 1638 regibus
1369 1579 1556 1630 foedera

138 1638 543 1688 contrahebantur.
603 1639 740 1698 Quod
759 1642 1119 1703 Agamemnonis
1144 1652 1191 1689 et
1207 1645 1378 1690 Priami
1407 1663 1558 1694 exem-

133 1708 213 1773 plo
252 1713 493 1770 appareat,
531 1704 637 1770 qui,
671 1715 919 1770 postquam
959 1709 1083 1754 inter
1124 1719 1370 1774 utramque
1406 1714 1558 1760 aciem

134 1771 280 1820 medii
321 1778 637 1816 convenerant
657 1807 670 1829 ‚
708 1772 898 1819 Graecis
938 1782 984 1818 et
1012 1774 1224 1836 Troianis
1251 1777 1556 1841 inspectanti-

133 1837 253 1896 bus,
286 1837 587 1900 paciscuntur
609 1833 655 1893 5,
705 1836 852 1900 iisque
899 1837 1067 1886 ritibus
1101 1849 1323 1900 utuntur,
1380 1842 1552 1907 quibus

132 1903 308 1950 foederi
341 1901 557 1947 sanctitas
589 1901 862 1949 concilietur
905 1913 952 1950 et
987 1907 1249 1953 auctoritas,
1317 1905 1390 1953 Ab
1428 1918 1553 1955 utra-

130 1987 221 2034 que
265 1966 443 2015 scilicet
494 1967 872 2015 contrabentium
923 1979 1054 2034 parte
1105 1972 1211 2035 agni
1260 1972 1546 2023 afferuntur:

131 2034 261 2101 quod
289 2033 389 2079 fieri
410 2030 542 2095 jubet
570 2031 832 2080 Menelaus:

261 2104 399 2146 Οἵσετε
423 2097 459 2143 δ’
475 2095 560 2157 ἄρν’
579 2133 590 2153 ,
624 2102 746 2160 ἕτερον
772 2103 921 2159 λευκὸν,
956 2107 1082 2163 ἑτέρην
1113 2104 1152 2149 δὲ
1173 2106 1350 2162 μέλαιναν

261 2167 322 2226 Γῇ
348 2184 387 2209 τε
419 2168 482 2209 καὶ
507 2161 666 2226 Ἠελίῳ·
704 2169 772 2210 Διῒ
794 2162 831 2210 δ’
857 2174 963 2227 ἡμεῖς
981 2174 1124 2228 οἴσομεν
1144 2169 1258 2215 ἄλλον
1279 2170 1318 2216 6.

126 2231 257 2291 Quae
290 2229 505 2278 victimae
550 2245 659 2275 cum
705 2230 881 2297 reliquo
926 2242 1153 2298 apparatu
1200 2251 1330 2282 sacro
1362 2235 1413 2283 in
1444 2252 1547 2301 spa-

1425 2303 1546 2351 tium

168 2440 205 2483 ι)
230 2437 274 2477 11.
291 2436 370 2485 111,
393 2438 461 2475 205
480 2449 552 2485 seq.
692 2438 729 2483 2)
757 2439 799 2476 11.
821 2441 890 2487 XI,
917 2452 980 2475 122
999 2453 1093 2487 seqq.
1235 2441 1274 2486 5)
1298 2442 1346 2480 Il.
1372 2440 1448 2490 ΙΙΙ,
1472 2456 1541 2493 207

120 2504 193 2539 seq.
307 2494 347 2538 4)
371 2494 453 2530 vid.
474 2507 506 2528 e·
528 2506 559 2538 g.
592 2492 635 2529 Il.
653 2493 727 2533 IV,
755 2507 830 2540 192.
931 2497 969 2540 5)
996 2495 1098 2537 Quod
1121 2494 1282 2531 dicebant
1306 2498 1410 2543 ὅρκια
1428 2497 1541 2534 meite

117 2550 282 2588 τάμνειν.
361 2548 399 2594 6)
425 2549 468 2584 Il.
491 2547 568 2593 III,
595 2550 659 2583 103
670 2560 741 2595 seq.
779 2549 938 2584 Notabile
953 2578 963 2595 ‚
988 2551 1103 2596 inquit
1123 2551 1234 2596 Heyn.
1258 2551 1294 2584 in
1310 2561 1378 2589 not.
1392 2554 1434 2587 ad
1454 2555 1477 2590 l.
1492 2556 1541 2601 l.,

117 2603 207 2647 quod
232 2603 374 2647 Troiani
402 2605 528 2638 'serrae
559 2610 593 2636 et
618 2602 688 2637 Soli
711 2604 794 2638 duas
819 2605 975 2639 victimas
1003 2617 1126 2650 agnum
1159 2613 1194 2638 et
1219 2617 1362 2652 agnam,
1396 2609 1538 2645 caedere

112 2655 291 2704 jubentur,
315 2656 458 2694 ‘Achivi
491 2664 625 2694 tantum
649 2670 752 2693 unam
767 2658 868 2704 Jovi‚
894 2667 929 2695 et
955 2660 1096 2706 quidem
1126 2671 1249 2705 agnum
1286 2672 1431 2700 marem.
