1780 3120
595 118 1249 177 H·0MERICA.·
1498 123 1617 178 103.

229 258 274 324 ξ.
305 258 354 320 4.
413 253 557 316 Quod
597 256 638 303 si
680 254 815 303 liberi
858 253 1103 314 deessent,
1149 253 1380 303 hereditas
1407 255 1467 304 ad
1506 277 1582 306 co·-

169 333 329 389 gnato's
370 322 644 370 remotiores
693 331 740 369 et
776 330 965 386 agnatos
1005 318 1352 374 devolvebatur.
1438 324 1580 388 Argu-

150 386 323 437 ‘mento
348 389 410 436 sit
434 386 570 436 Iliad.
591 385 722 435 Libr.
747 388 819 445 V,
854 405 947 452 quo
973 386 1184 434 Phoenix
1208 394 1314 450 post
1338 387 1583 440 amborum

161 455 364 502 filiorum
381 486 386 494 -
406 469 574 502 necem
624 452 812 503 nullum
850 453 940 502 sibi
980 463 1144 501 natum
1185 467 1422 518 superesse
1469 473 1581 521 que-

163 521 282 567 ritur

296 622 308 633 .
346 622 358 643 ,
395 619 654 635 ......
689 587 750 633 ε’πί
776 594 972 634 κτεάτεσσι
998 586 1169 634 λιπέσθαι
1192 586 1226 629 i,
1436 643 1439 645 -

159 651 318 718 itaque
362 658 560 716 χηρωσταὶ
598 654 659 698 διὰ
701 664 832 707 κτῆσιν
869 653 1037 701 δατέοντο
1059 661 1097 697 ².
1162 647 1239 698 Ad
1265 665 1408 718 quem
1428 649 1584 704 locum

159 714 220 763 de
252 723 363 766 voce
399 723 597 781 χηρωσταὶ
621 716 820 781 plurima
850 727 898 764 et
941 717 1124 767 diversa
1164 715 1343 765 habent
1375 719 1583 767 Scholia-

157 791 256 830 stae
270 820 284 842 ,
318 784 370 830 in
387 783 558 850 quibus
578 784 775 830 maxime
793 782 929 831 nobis
948 779 1180 849 probandi
1209 781 1453 844 videntur,
1475 785 1581 850 qui,

158 854 384 911 χηρωσταὶ,
421 849 673 914 inquiunt,
717 856 746 896 οἱ
780 850 968 914 πέρῥωθεν
997 860 1207 914 συγγενεῖς,
1242 849 1344 909 vel,
1378 857 1409 898 οἱ
1433 859 1579 915 μακρό-

160 918 222 960 θεν
246 922 488 978 προσήκοντες
515 919 614 962 κατὰ
637 918 678 961 τὸ
715 923 814 979 γένος
830 952 843 974 ,
878 921 944 963 καὶ
979 928 1082 979 χῆροι
1107 914 1197 962 ὄντα
1223 917 1298 962 τῶν
1334 921 1507 980 σύνεγγυς
1531 923 1580 963 tic

158 987 345 1041 χρήματα
374 983 700 1044 νληρσνεμσῦντες,
733 989 786 1028 ut
822 981 1101 1046 Apollonius
1126 979 1173 1040 5,
1222 997 1362 1046 quem
1397 991 1580 1030 secutus

157 1043 453 1110 Hesychius,
488 1057 718 1109 χηρωσταὶ,
753 1046 844 1104 ait,
890 1054 921 1093 οἵ
958 1051 1144 1111 μακρόθεν
1189 1060 1400 1109 συγγενεῖς,
1443 1055 1472 1094 οἱ
1502 1070 1581 1110 suff.-

157 1115 285 1172 κρὲθεν
310 1117 409 1158 κατὰ
437 1118 534 1174 γένσς
579 1109 823 1172 προσ-ἥκοντες
845 1111 895 1171 4,
931 1129 1049 1178 quos
1086 1111 1250 1159 Pollux
1280 1110 1398 1159 dixit
1421 1118 1500 1168 τοὺς
1530 1118 1585 1177 τῴ

155 1176 288 1238 ἐρήμῳ
329 1186 423 1240 γένει
471 1185 721 1240 προσήκοντας
753 1176 788 1222 5.
864 1176 941 1225 Ad
981 1177 1275 1242 magistratus
1321 1179 1543 1243 quosdam
1570 1217 1582 1235 ,

156 1258 253 1287 non
293 1241 352 1287 ad
386 1251 631 1304 cognatos,
669 1240 792 1289 bona
835 1247 1121 1307 ἀκληρονὸμητα
1174 1243 1394 1289 recidisse
1439 1245 1581 1291 resert

155 1305 427 1355 Eustathius
450 1308 487 1354 6.
555 1305 696 1366 Quod.
729 1316 886 1356 tamen
924 1327 1021 1356 non
1055 1307 1356 1374 probandum
1394 1309 1579 1356 Feithio

154 1372 305 1418 visum
343 1381 440 1432 est,
486 1372 675 1439 quando
697 1410 709 1431 ,
754 1374 938 1438 inquit,
986 1374 1260 1439 praesertim
1287 1373 1366 1421 hic
1404 1377 1581 1423 mentio

154 1438 206 1484 fit
233 1437 466 1486 divisionis
491 1450 528 1485 7.
597 1439 918 1506 Quamquam,
963 1456 1018 1486 ex
1050 1439 1263 1507 ejusdem
1303 1439 1407 1488 Viri
1440 1441 1579 1489 Dect.

151 1505 408 1565 sententia,
445 1505 544 1551 fieri
578 1512 755 1570 potest,
790 1514 844 1551 ut
865 1506 1161 1569 magistratus
1202 1508 1318 1553 certi
1343 1508 1583 1554 constituti

151 1568 349 1631 fuerint,
384 1570 465 1636 qui
487 1568 714 1635 ejusmodi
736 1569 860 1617 bona
882 1571 1107 1637 proximis
1136 1588 1305 1636 genere
1333 1571 1582 1620 distribue-a

149 1643 262 1681 runt
283 1635 324 1682 8.

215 1700 256 1764 ξ.
293 1699 340 1750 5.
407 1699 546 1761 Quod
574 1699 633 1748 ad
661 1700 937 1751 donationes
963 1704 1127 1752 mortis
1151 1719 1318 1753 causa:
1356 1704 1442 1750 hae
1473 1721 1581 1750 eon-

154 1765 335 1813 ditione
364 1766 567 1826 fiebant,
602 1775 678 1826 ut,
712 1768 752 1814 si
776 1768 979 1834 quadam
1021 1770 1281 1818 calamitate
1313 1769 1467 1817 obiret
1495 1769 1585 1817 do·

155 1840 315 1890 nator,
364 1848 440 1878 res
475 1831 646 1879 donata
685 1843 914 1899 perpetua
952 1837 1240 1900 possessione
1276 1852 1301 1880 a
1333 1836 1576 1882 donatario

154 1897 462 1945 retineretur:
508 1898 583 1944 sin
619 1909 855 1960 superstes
901 1909 1042 1958 esset,
1093 1900 1285 1947 domino
1318 1901 1578 1948 restituere-

154 1970 253 2021 tur,
288 1971 339 2010 ut
372 1979 429 2009 ex
461 1961 733 2012 Telemachi
761 1973 810 2012 et
838 1965 990 2013 Piraei
1029 1963 1241 2032 exemplo
1275 1964 1434 2032 liquet.
1503 1966 1582 2015 Ad

154 2028 282 2077 hunc
319 2028 450 2076 enim
477 2027 665 2094 Ulyssis
696 2029 844 2078 filius:
1480 2103 1521 2146 H

1521 2108 1579 2147 είιᾱ

165 2192 167 2194 ’
201 2193 239 2243 ι)
265 2196 310 2235 11.
327 2197 386 2243 V,
410 2198 487 2234 ι54.
612 2200 651 2245 2)
678 2199 723 2238 11.
746 2200 782 2237 L.
808 2199 832 2237 1.
857 2212 905 2237 vs.
926 2191 1006 2236 258.
1145 2202 1183 2244 3)
1210 2201 1293 2239 vid.
1321 2201 1432 2247 Apon.
1457 2203 1574 2240 Lexic.

158 2253 194 2287 in
213 2265 244 2290 v.
291 2252 403 2288 Aliter
432 2253 550 2292 Schol.
575 2256 616 2294 A.
637 2255 679 2289 ad
718 2255 764 2290 11.
786 2255 838 2296 V,
864 2258 942 2291 158.
1028 2274 1029 2277 κ
1067 2255 1108 2300 4)
1134 2255 1174 2290 In
1198 2268 1231 2293 v.
1268 2259 1467 2304 χηρωσταί.
1516 2258 1577 2294 Cf.

159 2309 308 2353 Goguet.
326 2308 440 2354 Op.1.
473 2311 539 2346 vol.
558 2310 606 2347 ΙΙ.
640 2323 674 2355 p.
691 2312 750 2346 64.
786 2318 821 2345 et
854 2310 1006 2355 Interpr·
1037 2309 1081 2344 ad
1110 2309 1154 2345 ll.
1185 2310 1219 2345 1.Λ
1233 2311 1259 2348 l.
1378 2311 1416 2355 5)
1443 2312 1483 2345 L.
1509 2312 1580 2348 111,

160 2376 190 2400 c.
214 2365 247 2399 4.
294 2364 457 2408 Ἐρήμον
475 2372 590 2399 autem
613 2367 715 2408 γένος
737 2365 865 2400 dicitur
890 2365 1011 2400 domus
1039 2366 1082 2400 iis
1105 2365 1248 2405 orbata,
1272 2367 1331 2412 qui
1351 2367 1515 2411 sanguine
1544 2373 1580 2400 et

157 2417 409 2452 necessitudine
443 2419 621 2464 propiores
651 2428 743 2457 sunt.
791 2420 872 2457 vid.
906 2421 1018 2466 lIeyn.
1045 2428 1080 2454 et
1102 2420 1218 2457 Schol.
1251 2422 1294 2454 ad
1318 2421 1359 2457 Il.
1388 2420 1410 2457 l.
1430 2420 1455 2457 l.
1479 2429 1512 2454 et
1535 2421 1580 2455 ad

158 2462 300 2508 ssesiod.
327 2473 455 2517 Theog.
479 2486 527 2510 vs.
551 2476 631 2510 603.
733 2475 773 2520 (3)
799 2475 910 2518 Quem
932 2476 1010 2510 vide
1036 2475 1078 2510 ad
1104 2475 1148 2510 ΙΙ.
1173 2476 1223 2521 V,
1251 2478 1328 2511 158.
1442 2473 1478 2521 7)
1504 2477 1581 2510 An-

160 2527 221 2571 tiq.
244 2526 346 2565 nom.
374 2528 470 2562 Edit.
492 2528 589 2564 Stub.
624 2542 658 2574 p.
677 2531 757 2566 214.
871 2529 910 2575 8)
930 2532 1055 2576 'Antiq'.
1081 2530 1186 2567 Hom.
1216 2531 1282 2567 Ed.
1312 2529 1407 2566 Stbb.
1442 2542 1475 2574 p·
1499 2531 1576 2569 215,

157 2582 344 2627 Alioquin,
367 2584 418 2617 ait
439 2583 534 2617 Idem
549 2611 559 2628 ,
582 2597 649 2619 non
667 2592 721 2619 est
740 2597 864 2620 novum
892 2598 932 2620 ac
955 2586 1184 2630 inusitatum,
1209 2593 1248 2620 ut
1272 2585 1359 2619 bona
1389 2585 1580 2617 ἐδέοιῑυτα

159 2648 199 2671 ac
223 2637 502 2682 ἀκληρονόμητα
534 2640 614 2677 fiseo
648 2640 814 2686 principis
846 2640 1049 2677 addicantur
1079 2653 1155 2687 pag.
1175 2642 1199 2680 l.
1260 2643 1355 2682 Quae
1386 2648 1502 2675 tamen
1535 2639 1579 2673 ad

160 2684 300 2726 heroica
326 2699 478 2737 tempora
501 2705 565 2728 non
592 2695 778 2740 pertinent.

1102 2740 1180 2777 (34
