1750 3116
238 160 302 191 m
597 121 1277 193 'Psooamion

243 281 471 321 naturam.
541 270 633 320 Sed
663 289 750 320 nec
789 269 1025 329 Feithius‚
1062 278 1114 318 ut
1147 266 1383 338 suspicor,
1415 274 1536 324 illud
1568 287 1651 326 'vo-⁴

243 351 351 410 luit,
388 366 540 416 neque
577 367 659 413 ego
692 358 815 398 certe
854 349 1069 414 cogitavi.
1145 351 1192 398 Si
1225 369 1343 418 quae
1383 354 1502 415 alia,
1537 355 1652 404 haec

240 430 449 496 profecto
476 430 666 476 scientia
695 438 818 476 certa
846 436 892 475 et
916 434 1127 476 accurata
1145 463 1157 487 ‚
1188 427 1236 475 id
1263 439 1358 491 est,
1393 449 1418 478 e
1443 433 1649 483 fontibus

239 509 358 574 ipsis
380 516 504 555 recte
531 507 669 554 ducta
692 522 789 553 esse
816 505 971 555 debet.
1036 506 1371 571 Antiquitatem
1401 527 1529 558 mere
1559 511 1651 559 Ho-

237 588 463 635 mericam
495 596 726 649 exponere
756 585 845 631 fert
880 584 1088 644 animus,
1121 584 1173 632 id
1205 592 1296 645 est,
1339 602 1443 635 eam
1471 589 1647 638 heroici

241 665 340 713 aevi
381 665 628 727 imaginem
659 661 916 721 delineare,
962 680 1052 728 qua
1085 661 1213 710 illius
1243 665 1402 711 aetatis
1435 665 1649 718 instituta

237 759 344 790 cum
374 758 501 789 sacra
531 750 633 788 tum
667 739 817 789 civilia
854 739 1204 800 describantur,
1240 750 1287 788 et
1316 743 1511 791 heroum
1550 762 1654 793 mo-

233 834 333 879 reS,
367 820 485 869 vitae
516 820 658 879 ratio,
694 827 814 867 artes
839 828 885 866 et
915 828 1067 868 cetera
1097 819 1435 869 adumbrentur
1461 824 1644 883 omnia,

234 915 351 963 quae
381 915 437 945 ex
470 899 570 964 ipso
599 907 645 946 et
677 915 770 945 uno
805 897 1034 956 Homero,
1067 897 1194 947 velut
1224 916 1279 946 ex
1313 899 1639 965 limpidissimo

233 977 384 1037 fonte,
421 976 608 1035 hausta,
642 976 700 1027 ad
725 992 887 1024 eorum
913 985 1175 1041 temporum
1208 978 1542 1043 hominumque
1573 996 1649 1026 co-

236 1056 492 1118 gnitionem
519 1054 733 1102 valeant:
767 1073 857 1120 qua
881 1054 1071 1121 quidem
1102 1057 1364 1119 cognitione
1397 1056 1516 1104 nihil
1541 1073 1649 1106 cum

217 1132 297 1182 ‘ad
324 1133 568 1181 utilitatem
594 1134 897 1198 praestantius
925 1141 1029 1180 tum
1059 1133 1119 1181 ad
1149 1133 1430 1199 voluptatem
1467 1137 1650 1195 suavius

205 1221 210 1225 “
236 1227 334 1256 esse
359 1220 534 1276 potest.
597 1214 724 1273 Quae
750 1230 860 1260 cum
883 1211 1016 1270 dico,
1048 1228 1146 1259 non
1175 1228 1332 1259 omnes
1357 1213 1468 1260 alios
1497 1224 1652 1262 aucto-

236 1306 309 1336 res
343 1289 574 1353 neglectos
612 1290 744 1337 volo:
793 1289 875 1337 sed
910 1291 960 1338 in
993 1290 1242 1337 Homerica
1284 1292 1554 1356 antiquitate
1594 1293 1651 1340 iis

233 1382 330 1415 non
358 1367 443 1414 nisi
483 1384 585 1415 raro
619 1365 874 1424 utendum,
922 1374 968 1414 et
1003 1364 1104 1414 illos
1134 1374 1316 1414 tantum
1348 1384 1403 1415 ex
1437 1370 1491 1416 iis
1524 1369 1649 1418 locos

236 1445 528 1511 usurpandos
564 1462 662 1494 esse
703 1445 964 1504 contendo,
1011 1446 1180 1512 quibus
1210 1445 1268 1494 de
1307 1447 1503 1494 heroicis
1533 1458 1650 1496 tem-

236 1523 632 1591 poribushaliquid
664 1524 915 1573 memoriae
945 1522 1280 1590 prodiderunt,
1316 1535 1368 1572 ut
1399 1540 1454 1573 ex
1487 1542 1650 1575 eorum

237 1604 533 1662 auctoritate,
569 1620 685 1668 quae
727 1602 920 1650 Homeri
952 1603 1226 1650 testimoniis
1264 1603 1424 1650 innixa
1459 1606 1542 1664 sit,
1579 1605 1652 1654 in-

234 1683 575 1746 terpretationis
615 1690 794 1730 nostrae
831 1679 1112 1747 praesidium
1152 1690 1252 1728 tuto
1291 1692 1450 1747 petere
1494 1683 1648 1732 liceat.

232 1761 289 1806 In
332 1776 494 1807 eorum
536 1776 731 1807 numero
765 1760 999 1824 principes
1037 1768 1146 1806 sunt
1182 1770 1392 1809 auctores
1432 1770 1478 1808 et
1524 1763 1649 1810 anti-

236 1838 419 1903 quiores
452 1846 499 1884 et
535 1840 837 1897 recentiores,
872 1838 952 1902 qui
985 1837 1171 1900 scriptis
1211 1838 1306 1885 suis
1343 1839 1514 1887 Poetae
1543 1859 1646 1890 car-

235 1918 363 1964 mina
404 1915 721 1965 illustrarunt:
773 1926 873 1964 tum
922 1913 1204 1965 celebriores
1251 1912 1558 1966 Grammatici
1599 1931 1647 1968 et

238 1997 440 2060 optimae
492 2004 629 2043 notae
672 1993 1036 2060 Lexicographi:
1083 2010 1244 2041 omnes
1290 1993 1521 2061 denique,
1569 1999 1650 2065 qui

235 2072 311 2119 vel
358 2073 461 2121 data
496 2090 634 2139 opera
672 2073 946 2121 Homericae
990 2071 1272 2137 antiquitatis
1313 2075 1464 2139 capita
1505 2093 1647 2143 quae·-

237 2150 345 2198 dam
376 2151 720 2217 explicuerunt,
756 2152 827 2200 vel
857 2152 906 2198 in
934 2151 1221 2198 Graecorum
1250 2152 1457 2200 moribus
1495 2163 1541 2201 et
1577 2155 1647 2203 in-

238 2230 437 2288 stitutis,
474 2248 580 2277 cum
612 2231 809 2295 publicis
838 2241 939 2278 tum
969 2230 1182 2295 privatis,
1218 2231 1429 2278 universe
1462 2233 1648 2281 traden-

238 2308 310 2355 dis
328 2347 338 2364 ,
366 2309 547 2356 heroica
577 2311 687 2357 item
717 2319 925 2375 tempora
955 2309 1227 2372 attigerunt,
1263 2309 1335 2356 vel
1357 2311 1549 2370 artium,
1582 2312 1650 2359 le-

238 2403 347 2450 gum
375 2396 422 2434 et
454 2389 751 2435 scientiarum
784 2389 1007 2452 originem
1043 2397 1088 2434 et
1116 2404 1380 2455 progressus
1415 2389 1647 2437 tradentes

215 2464 484 2530 *Homerica
522 2464 808 2532 capitulatim
847 2468 1077 2531 persecuti
1118 2474 1242 2513 sunt.
1323 2468 1450 2526 Quos
1488 2485 1647 2516 omne-s

236 2542 314 2590 hic
339 2560 600 2602 recensere,
629 2546 902 2609 ‘praesertim
930 2561 1035 2600 cum
1066 2543 1111 2590 in
1140 2545 1240 2608 ipso
1272 2542 1358 2590 hoc
1386 2562 1524 2611 opere
1551 2548 1645 2594 suis

239 2622 441 2685 singulos
474 2623 584 2671 locis
625 2623 946 2681 citaverimus,
982 2621 1197 2687 putidum
1233 2632 1278 2669 et
1305 2624 1520 2690 ineptum
1551 2627 1646 2673 fore

1566 2703 1651 2749 du-
