<?xml version="1.0" encoding="UTF-8"?>
<!DOCTYPE html PUBLIC "-//W3C//DTD XHTML 1.0 Transitional//EN"
    "http://www.w3.org/TR/xhtml1/DTD/xhtml1-transitional.dtd">
<html xmlns="http://www.w3.org/1999/xhtml" xml:lang="en" lang="en">
 <head>
  <title>
</title>
<meta http-equiv="Content-Type" content="text/html;charset=utf-8" />
  <meta name='ocr-system' content='tesseract 3.04.00' />
  <meta name='ocr-capabilities' content='ocr_page ocr_carea ocr_par ocr_line ocrx_word'/>
</head>
<body>
  <div class='ocr_page' id='page_1' title='image "antiquitashomeri00terpuoft_0250.png"; bbox 0 0 1780 3120; ppageno 0'>
   <div class='ocr_carea' id='block_1_1' title="bbox 211 154 1262 218">
    <p class='ocr_par' dir='ltr' id='par_1_1' title="bbox 211 154 1262 218">
     <span class='ocr_line' id='line_1_1' title="bbox 211 154 1262 218; baseline 0.001 -13"><span class='ocrx_word' id='word_1_1' title='bbox 211 154 310 205; x_wconf 81' lang='lat'>206</span> <span class='ocrx_word' id='word_1_2' title='bbox 578 155 1262 218; x_wconf 88' lang='lat' dir='ltr'><strong>ANTIQUITAS</strong></span> 
     </span>
    </p>
   </div>
   <div class='ocr_carea' id='block_1_2' title="bbox 196 286 1628 1990">
    <p class='ocr_par' dir='ltr' id='par_1_2' title="bbox 203 286 1628 927">
     <span class='ocr_line' id='line_1_2' title="bbox 208 286 1622 358; baseline 0.006 -25"><span class='ocrx_word' id='word_1_3' title='bbox 208 289 277 334; x_wconf 81' lang='lat' dir='ltr'>tio</span> <span class='ocrx_word' id='word_1_4' title='bbox 316 286 404 352; x_wconf 87' lang='lat' dir='ltr'>ipsi</span> <span class='ocrx_word' id='word_1_5' title='bbox 442 295 574 335; x_wconf 89' lang='lat' dir='ltr'>antea</span> <span class='ocrx_word' id='word_1_6' title='bbox 619 297 752 335; x_wconf 89' lang='lat' dir='ltr'>erant</span> <span class='ocrx_word' id='word_1_7' title='bbox 792 288 860 335; x_wconf 89' lang='lat' dir='ltr'>usi</span> <span class='ocrx_word' id='word_1_8' title='bbox 886 299 933 345; x_wconf 87' lang='lat'>²,</span> <span class='ocrx_word' id='word_1_9' title='bbox 976 288 1050 336; x_wconf 85' lang='lat' dir='ltr'>vel</span> <span class='ocrx_word' id='word_1_10' title='bbox 1094 297 1146 336; x_wconf 87' lang='lat' dir='ltr'>ut</span> <span class='ocrx_word' id='word_1_11' title='bbox 1187 289 1391 353; x_wconf 88' lang='lat' dir='ltr'>benigne</span> <span class='ocrx_word' id='word_1_12' title='bbox 1417 291 1622 358; x_wconf 86' lang='lat' dir='ltr'>exceptis</span> 
     </span>
     <span class='ocr_line' id='line_1_3' title="bbox 206 352 1626 418; baseline 0.004 -18"><span class='ocrx_word' id='word_1_13' title='bbox 206 352 424 401; x_wconf 80' lang='lat' dir='ltr'>beneficii</span> <span class='ocrx_word' id='word_1_14' title='bbox 450 354 678 401; x_wconf 88' lang='lat' dir='ltr'>reddendi</span> <span class='ocrx_word' id='word_1_15' title='bbox 701 354 971 418; x_wconf 83' lang='lat' dir='ltr'><strong>cupidinem</strong></span> <span class='ocrx_word' id='word_1_16' title='bbox 1002 356 1260 401; x_wconf 79' lang='lat' dir='ltr'>excitarent</span> <span class='ocrx_word' id='word_1_17' title='bbox 1281 365 1328 401; x_wconf 88' lang='lat' dir='ltr'>et</span> <span class='ocrx_word' id='word_1_18' title='bbox 1355 356 1487 403; x_wconf 85' lang='lat' dir='ltr'>dulce</span> <span class='ocrx_word' id='word_1_19' title='bbox 1509 359 1626 406; x_wconf 89' lang='lat' dir='ltr'>adeo</span> 
     </span>
     <span class='ocr_line' id='line_1_4' title="bbox 207 419 1625 485; baseline 0.003 -19"><span class='ocrx_word' id='word_1_20' title='bbox 207 419 411 467; x_wconf 87' lang='lat' dir='ltr'>officium</span> <span class='ocrx_word' id='word_1_21' title='bbox 432 421 727 485; x_wconf 81' lang='lat' dir='ltr'>injungerent</span> <span class='ocrx_word' id='word_1_22' title='bbox 743 459 753 478; x_wconf 92' lang='lat'>,</span> <span class='ocrx_word' id='word_1_23' title='bbox 788 437 879 485; x_wconf 88' lang='lat' dir='ltr'>quo</span> <span class='ocrx_word' id='word_1_24' title='bbox 903 420 1029 466; x_wconf 88' lang='lat' dir='ltr'>ducti</span> <span class='ocrx_word' id='word_1_25' title='bbox 1045 420 1198 483; x_wconf 88' lang='lat' dir='ltr'>ipsos,</span> <span class='ocrx_word' id='word_1_26' title='bbox 1235 422 1274 466; x_wconf 88' lang='lat' dir='ltr'>si</span> <span class='ocrx_word' id='word_1_27' title='bbox 1290 424 1473 485; x_wconf 90' lang='lat' dir='ltr'>quando</span> <span class='ocrx_word' id='word_1_28' title='bbox 1496 424 1625 470; x_wconf 89' lang='lat' dir='ltr'>indi-</span> 
     </span>
     <span class='ocr_line' id='line_1_5' title="bbox 205 486 1624 554; baseline 0.003 -21"><span class='ocrx_word' id='word_1_29' title='bbox 205 496 398 551; x_wconf 86' lang='lat' dir='ltr'>gerent,</span> <span class='ocrx_word' id='word_1_30' title='bbox 432 486 597 532; x_wconf 88' lang='lat' dir='ltr'>eodem</span> <span class='ocrx_word' id='word_1_31' title='bbox 633 486 787 530; x_wconf 91' lang='lat' dir='ltr'>animo</span> <span class='ocrx_word' id='word_1_32' title='bbox 828 493 1219 550; x_wconf 78' lang='lat' dir='ltr'>prosequerentur</span> <span class='ocrx_word' id='word_1_33' title='bbox 1261 494 1307 531; x_wconf 87' lang='lat' dir='ltr'>et</span> <span class='ocrx_word' id='word_1_34' title='bbox 1349 505 1624 554; x_wconf 87' lang='lat' dir='ltr'>quacunque</span> 
     </span>
     <span class='ocr_line' id='line_1_6' title="bbox 208 548 1628 617; baseline 0.002 -19"><span class='ocrx_word' id='word_1_35' title='bbox 208 553 386 599; x_wconf 84' lang='lat' dir='ltr'>ratione</span> <span class='ocrx_word' id='word_1_36' title='bbox 418 551 688 617; x_wconf 74' lang='lat' dir='ltr'>adjuvarent</span> <span class='ocrx_word' id='word_1_37' title='bbox 710 562 749 598; x_wconf 86' lang='lat'>2.</span> <span class='ocrx_word' id='word_1_38' title='bbox 804 548 962 606; x_wconf 83' lang='lat' dir='ltr'>Adde,</span> <span class='ocrx_word' id='word_1_39' title='bbox 993 548 1117 615; x_wconf 91' lang='lat' dir='ltr'>quod</span> <span class='ocrx_word' id='word_1_40' title='bbox 1143 549 1364 614; x_wconf 83' lang='lat' dir='ltr'>publicis,</span> <span class='ocrx_word' id='word_1_41' title='bbox 1401 570 1516 617; x_wconf 89' lang='lat' dir='ltr'>quae</span> <span class='ocrx_word' id='word_1_42' title='bbox 1545 556 1628 601; x_wconf 89' lang='lat' dir='ltr'>ho-</span> 
     </span>
     <span class='ocr_line' id='line_1_7' title="bbox 207 614 1625 677; baseline 0 -13"><span class='ocrx_word' id='word_1_43' title='bbox 207 617 286 664; x_wconf 88' lang='lat' dir='ltr'>die</span> <span class='ocrx_word' id='word_1_44' title='bbox 326 619 519 676; x_wconf 83' lang='lat' dir='ltr'>adsunt,</span> <span class='ocrx_word' id='word_1_45' title='bbox 569 614 842 662; x_wconf 88' lang='lat' dir='ltr'>deversoriis</span> <span class='ocrx_word' id='word_1_46' title='bbox 881 624 1054 662; x_wconf 84' lang='lat' dir='ltr'>careret</span> <span class='ocrx_word' id='word_1_47' title='bbox 1085 614 1162 661; x_wconf 81' lang='lat' dir='ltr'>illa</span> <span class='ocrx_word' id='word_1_48' title='bbox 1208 623 1346 662; x_wconf 86' lang='lat' dir='ltr'>aetas.</span> <span class='ocrx_word' id='word_1_49' title='bbox 1412 619 1555 677; x_wconf 79' lang='lat' dir='ltr'>Quod</span> <span class='ocrx_word' id='word_1_50' title='bbox 1585 621 1625 667; x_wconf 88' lang='lat' dir='ltr'>si</span> 
     </span>
     <span class='ocr_line' id='line_1_8' title="bbox 206 680 1627 748; baseline 0.001 -18"><span class='ocrx_word' id='word_1_51' title='bbox 206 683 348 745; x_wconf 79' lang='lat' dir='ltr'>igitur</span> <span class='ocrx_word' id='word_1_52' title='bbox 379 699 567 748; x_wconf 81' lang='lat' dir='ltr'>peregre</span> <span class='ocrx_word' id='word_1_53' title='bbox 602 680 1048 746; x_wconf 87' lang='lat' dir='ltr'>proficiscebantur,</span> <span class='ocrx_word' id='word_1_54' title='bbox 1101 681 1152 726; x_wconf 88' lang='lat' dir='ltr'>in</span> <span class='ocrx_word' id='word_1_55' title='bbox 1197 681 1451 728; x_wconf 86' lang='lat' dir='ltr'>amicorum</span> <span class='ocrx_word' id='word_1_56' title='bbox 1489 685 1627 732; x_wconf 87' lang='lat' dir='ltr'>aedes</span> 
     </span>
     <span class='ocr_line' id='line_1_9' title="bbox 203 745 1627 814; baseline -0.004 -19"><span class='ocrx_word' id='word_1_57' title='bbox 203 766 304 795; x_wconf 89' lang='lat' dir='ltr'>sese</span> <span class='ocrx_word' id='word_1_58' title='bbox 339 749 628 813; x_wconf 81' lang='lat' dir='ltr'>recipiebant</span> <span class='ocrx_word' id='word_1_59' title='bbox 647 786 657 805; x_wconf 90' lang='lat'>,</span> <span class='ocrx_word' id='word_1_60' title='bbox 694 746 972 812; x_wconf 88' lang='lat' dir='ltr'>quibuscum</span> <span class='ocrx_word' id='word_1_61' title='bbox 1002 745 1091 792; x_wconf 85' lang='lat' dir='ltr'>sibi</span> <span class='ocrx_word' id='word_1_62' title='bbox 1117 745 1436 806; x_wconf 83' lang='lat' dir='ltr'>intercedebat</span> <span class='ocrx_word' id='word_1_63' title='bbox 1466 748 1627 814; x_wconf 89' lang='lat' dir='ltr'>hospi.</span> 
     </span>
     <span class='ocr_line' id='line_1_10' title="bbox 206 811 1626 879; baseline -0.001 -17"><span class='ocrx_word' id='word_1_64' title='bbox 206 815 261 862; x_wconf 77' lang='lat' dir='ltr'>tii</span> <span class='ocrx_word' id='word_1_65' title='bbox 299 815 577 874; x_wconf 82' lang='lat' dir='ltr'>vinculum,</span> <span class='ocrx_word' id='word_1_66' title='bbox 623 813 685 859; x_wconf 92' lang='lat' dir='ltr'>ab</span> <span class='ocrx_word' id='word_1_67' title='bbox 730 811 946 859; x_wconf 86' lang='lat' dir='ltr'>omnibus</span> <span class='ocrx_word' id='word_1_68' title='bbox 989 814 1066 878; x_wconf 88' lang='lat' dir='ltr'>pie</span> <span class='ocrx_word' id='word_1_69' title='bbox 1111 811 1289 859; x_wconf 87' lang='lat' dir='ltr'>cultum</span> <span class='ocrx_word' id='word_1_70' title='bbox 1328 820 1376 859; x_wconf 85' lang='lat' dir='ltr'>et</span> <span class='ocrx_word' id='word_1_71' title='bbox 1415 813 1626 879; x_wconf 85' lang='lat' dir='ltr'>religiose</span> 
     </span>
     <span class='ocr_line' id='line_1_11' title="bbox 209 879 522 927; baseline -0.003 0"><span class='ocrx_word' id='word_1_72' title='bbox 209 879 522 927; x_wconf 78' lang='lat' dir='ltr'>observatum.</span> 
     </span>
    </p>

    <p class='ocr_par' dir='ltr' id='par_1_3' title="bbox 200 942 1628 1717">
     <span class='ocr_line' id='line_1_12' title="bbox 267 942 1624 1009; baseline -0.001 -16"><span class='ocrx_word' id='word_1_73' title='bbox 267 946 307 1009; x_wconf 64' lang='grc' dir='ltr'>ξ.</span> <span class='ocrx_word' id='word_1_74' title='bbox 346 962 390 993; x_wconf 85' lang='lat'>2.</span> <span class='ocrx_word' id='word_1_75' title='bbox 457 942 729 993; x_wconf 86' lang='lat' dir='ltr'>Pertinebat</span> <span class='ocrx_word' id='word_1_76' title='bbox 766 950 923 988; x_wconf 86' lang='lat' dir='ltr'>autem</span> <span class='ocrx_word' id='word_1_77' title='bbox 955 942 1238 990; x_wconf 86' lang='lat' dir='ltr'>Graecorum</span> <span class='ocrx_word' id='word_1_78' title='bbox 1272 943 1322 991; x_wconf 90' lang='lat' dir='ltr'>in</span> <span class='ocrx_word' id='word_1_79' title='bbox 1354 961 1407 992; x_wconf 90' lang='lat' dir='ltr'>ea</span> <span class='ocrx_word' id='word_1_80' title='bbox 1441 961 1491 992; x_wconf 91' lang='lat' dir='ltr'>re</span> <span class='ocrx_word' id='word_1_81' title='bbox 1531 944 1624 992; x_wconf 87' lang='lat' dir='ltr'>hu-</span> 
     </span>
     <span class='ocr_line' id='line_1_13' title="bbox 208 1007 1628 1074; baseline 0 -17"><span class='ocrx_word' id='word_1_82' title='bbox 208 1013 407 1059; x_wconf 79' lang='lat' dir='ltr'>manitas</span> <span class='ocrx_word' id='word_1_83' title='bbox 438 1010 496 1056; x_wconf 90' lang='lat' dir='ltr'>ad</span> <span class='ocrx_word' id='word_1_84' title='bbox 529 1025 714 1066; x_wconf 88' lang='lat' dir='ltr'>omnes,</span> <span class='ocrx_word' id='word_1_85' title='bbox 748 1007 829 1073; x_wconf 88' lang='lat' dir='ltr'>qui</span> <span class='ocrx_word' id='word_1_86' title='bbox 857 1008 1016 1072; x_wconf 89' lang='lat' dir='ltr'>iniquo</span> <span class='ocrx_word' id='word_1_87' title='bbox 1054 1007 1146 1054; x_wconf 84' lang='lat' dir='ltr'>fato</span> <span class='ocrx_word' id='word_1_88' title='bbox 1185 1010 1338 1072; x_wconf 84' lang='lat' dir='ltr'>agitati</span> <span class='ocrx_word' id='word_1_89' title='bbox 1367 1012 1517 1074; x_wconf 89' lang='lat' dir='ltr'>patria</span> <span class='ocrx_word' id='word_1_90' title='bbox 1544 1029 1628 1058; x_wconf 88' lang='lat' dir='ltr'>ca·-</span> 
     </span>
     <span class='ocr_line' id='line_1_14' title="bbox 204 1070 1624 1140; baseline 0 -17"><span class='ocrx_word' id='word_1_91' title='bbox 204 1086 364 1125; x_wconf 88' lang='lat' dir='ltr'>rerent</span> <span class='ocrx_word' id='word_1_92' title='bbox 399 1085 446 1122; x_wconf 86' lang='lat' dir='ltr'>et</span> <span class='ocrx_word' id='word_1_93' title='bbox 482 1075 736 1122; x_wconf 89' lang='lat' dir='ltr'>alienarum</span> <span class='ocrx_word' id='word_1_94' title='bbox 784 1090 924 1137; x_wconf 88' lang='lat' dir='ltr'>opum</span> <span class='ocrx_word' id='word_1_95' title='bbox 964 1070 1224 1135; x_wconf 82' lang='lat' dir='ltr'>indigerent</span> <span class='ocrx_word' id='word_1_96' title='bbox 1251 1111 1263 1131; x_wconf 91' lang='lat'>,</span> <span class='ocrx_word' id='word_1_97' title='bbox 1314 1074 1519 1140; x_wconf 86' lang='lat' dir='ltr'>adeoque</span> <span class='ocrx_word' id='word_1_98' title='bbox 1565 1077 1624 1123; x_wconf 86' lang='lat' dir='ltr'>ad</span> 
     </span>
     <span class='ocr_line' id='line_1_15' title="bbox 203 1138 1622 1206; baseline -0.002 -15"><span class='ocrx_word' id='word_1_99' title='bbox 203 1141 410 1206; x_wconf 80' lang='lat' dir='ltr'>singulos</span> <span class='ocrx_word' id='word_1_100' title='bbox 431 1180 442 1200; x_wconf 92' lang='lat'>‚</span> <span class='ocrx_word' id='word_1_101' title='bbox 477 1143 559 1203; x_wconf 83' lang='lat' dir='ltr'>qui</span> <span class='ocrx_word' id='word_1_102' title='bbox 597 1141 656 1187; x_wconf 90' lang='lat' dir='ltr'>ad</span> <span class='ocrx_word' id='word_1_103' title='bbox 689 1156 765 1184; x_wconf 91' lang='lat' dir='ltr'>eos</span> <span class='ocrx_word' id='word_1_104' title='bbox 804 1155 852 1184; x_wconf 87' lang='lat' dir='ltr'>se</span> <span class='ocrx_word' id='word_1_105' title='bbox 882 1138 1186 1201; x_wconf 87' lang='lat' dir='ltr'>recepissent.</span> <span class='ocrx_word' id='word_1_106' title='bbox 1252 1139 1377 1186; x_wconf 89' lang='lat' dir='ltr'>Nam</span> <span class='ocrx_word' id='word_1_107' title='bbox 1418 1147 1622 1200; x_wconf 70' lang='grc' dir='ltr'><em>ἱκετήσιος,</em></span> 
     </span>
     <span class='ocr_line' id='line_1_16' title="bbox 207 1203 1622 1273; baseline -0.001 -17"><span class='ocrx_word' id='word_1_108' title='bbox 207 1207 432 1273; x_wconf 85' lang='lat' dir='ltr'>supplicis</span> <span class='ocrx_word' id='word_1_109' title='bbox 454 1205 628 1263; x_wconf 75' lang='lat' dir='ltr'>instar,</span> <span class='ocrx_word' id='word_1_110' title='bbox 681 1203 773 1252; x_wconf 81' lang='lat' dir='ltr'>illis</span> <span class='ocrx_word' id='word_1_111' title='bbox 814 1212 912 1250; x_wconf 84' lang='lat' dir='ltr'>erat</span> <span class='ocrx_word' id='word_1_112' title='bbox 953 1203 1123 1267; x_wconf 76' lang='lat' dir='ltr'>hospes</span> <span class='ocrx_word' id='word_1_113' title='bbox 1151 1204 1444 1270; x_wconf 90' lang='lat' dir='ltr'>quicunque,</span> <span class='ocrx_word' id='word_1_114' title='bbox 1480 1224 1622 1270; x_wconf 87' lang='lat' dir='ltr'>quem</span> 
     </span>
     <span class='ocr_line' id='line_1_17' title="bbox 201 1268 1625 1338; baseline -0.001 -17"><span class='ocrx_word' id='word_1_115' title='bbox 201 1276 460 1338; x_wconf 85' lang='lat' dir='ltr'>negligere,</span> <span class='ocrx_word' id='word_1_116' title='bbox 489 1272 668 1320; x_wconf 88' lang='lat' dir='ltr'>nedum</span> <span class='ocrx_word' id='word_1_117' title='bbox 699 1269 865 1316; x_wconf 81' lang='lat' dir='ltr'>auxilio</span> <span class='ocrx_word' id='word_1_118' title='bbox 897 1284 979 1316; x_wconf 91' lang='lat' dir='ltr'>suo</span> <span class='ocrx_word' id='word_1_119' title='bbox 1009 1268 1260 1317; x_wconf 89' lang='lat' dir='ltr'>destituere</span> <span class='ocrx_word' id='word_1_120' title='bbox 1281 1310 1292 1329; x_wconf 88' lang='lat'>,</span> <span class='ocrx_word' id='word_1_121' title='bbox 1317 1271 1445 1318; x_wconf 84' lang='lat' dir='ltr'>nefas</span> <span class='ocrx_word' id='word_1_122' title='bbox 1479 1271 1625 1319; x_wconf 88' lang='lat' dir='ltr'>habe·</span> 
     </span>
     <span class='ocr_line' id='line_1_18' title="bbox 202 1333 1624 1405; baseline -0.003 -17"><span class='ocrx_word' id='word_1_123' title='bbox 202 1341 348 1399; x_wconf 85' lang='lat' dir='ltr'>bant,</span> <span class='ocrx_word' id='word_1_124' title='bbox 390 1357 483 1405; x_wconf 88' lang='lat' dir='ltr'>quo</span> <span class='ocrx_word' id='word_1_125' title='bbox 517 1339 721 1384; x_wconf 85' lang='lat' dir='ltr'>Deorum</span> <span class='ocrx_word' id='word_1_126' title='bbox 760 1336 875 1381; x_wconf 89' lang='lat' dir='ltr'>iram</span> <span class='ocrx_word' id='word_1_127' title='bbox 909 1333 998 1381; x_wconf 84' lang='lat' dir='ltr'>sibi</span> <span class='ocrx_word' id='word_1_128' title='bbox 1028 1335 1359 1383; x_wconf 85' lang='lat' dir='ltr'>contraherent</span> <span class='ocrx_word' id='word_1_129' title='bbox 1407 1339 1624 1400; x_wconf 81' lang='lat' dir='ltr'>gravissi-</span> 
     </span>
     <span class='ocr_line' id='line_1_19' title="bbox 203 1400 1626 1454; baseline -0.003 -1"><span class='ocrx_word' id='word_1_130' title='bbox 203 1423 347 1454; x_wconf 91' lang='lat' dir='ltr'>mam.</span> <span class='ocrx_word' id='word_1_131' title='bbox 417 1405 564 1450; x_wconf 86' lang='lat' dir='ltr'>Erant</span> <span class='ocrx_word' id='word_1_132' title='bbox 595 1403 721 1449; x_wconf 90' lang='lat' dir='ltr'>enim</span> <span class='ocrx_word' id='word_1_133' title='bbox 751 1400 820 1447; x_wconf 86' lang='lat' dir='ltr'>illi</span> <span class='ocrx_word' id='word_1_134' title='bbox 852 1401 902 1446; x_wconf 89' lang='lat' dir='ltr'>in</span> <span class='ocrx_word' id='word_1_135' title='bbox 934 1401 1183 1447; x_wconf 89' lang='lat' dir='ltr'>numinum</span> <span class='ocrx_word' id='word_1_136' title='bbox 1221 1402 1377 1449; x_wconf 88' lang='lat' dir='ltr'>tutela.</span> <span class='ocrx_word' id='word_1_137' title='bbox 1446 1403 1515 1448; x_wconf 90' lang='lat' dir='ltr'>Ita</span> <span class='ocrx_word' id='word_1_138' title='bbox 1542 1403 1626 1449; x_wconf 86' lang='lat' dir='ltr'>ho-</span> 
     </span>
     <span class='ocr_line' id='line_1_20' title="bbox 203 1465 1618 1537; baseline -0.002 -18"><span class='ocrx_word' id='word_1_139' title='bbox 203 1473 332 1537; x_wconf 81' lang='lat' dir='ltr'>spitii</span> <span class='ocrx_word' id='word_1_140' title='bbox 359 1473 461 1535; x_wconf 76' lang='lat' dir='ltr'>jura</span> <span class='ocrx_word' id='word_1_141' title='bbox 492 1468 650 1533; x_wconf 89' lang='lat' dir='ltr'>religio</span> <span class='ocrx_word' id='word_1_142' title='bbox 692 1465 910 1529; x_wconf 80' lang='lat' dir='ltr'>augebat,</span> <span class='ocrx_word' id='word_1_143' title='bbox 947 1465 1278 1525; x_wconf 87' lang='lat' dir='ltr'>confirmabat,</span> <span class='ocrx_word' id='word_1_144' title='bbox 1324 1467 1558 1515; x_wconf 87' lang='lat' dir='ltr'>sanciebat</span> <span class='ocrx_word' id='word_1_145' title='bbox 1579 1469 1618 1516; x_wconf 81' lang='lat'>5.</span> 
     </span>
     <span class='ocr_line' id='line_1_21' title="bbox 200 1531 1623 1599; baseline -0.004 -14"><span class='ocrx_word' id='word_1_146' title='bbox 200 1537 345 1585; x_wconf 89' lang='lat' dir='ltr'>Unde</span> <span class='ocrx_word' id='word_1_147' title='bbox 373 1537 542 1583; x_wconf 81' lang='lat' dir='ltr'>factum</span> <span class='ocrx_word' id='word_1_148' title='bbox 560 1573 572 1593; x_wconf 98' lang='lat'>,</span> <span class='ocrx_word' id='word_1_149' title='bbox 608 1543 661 1580; x_wconf 89' lang='lat' dir='ltr'>ut</span> <span class='ocrx_word' id='word_1_150' title='bbox 679 1531 870 1595; x_wconf 86' lang='lat' dir='ltr'>Ulysses</span> <span class='ocrx_word' id='word_1_151' title='bbox 898 1531 1168 1591; x_wconf 87' lang='lat' dir='ltr'>mendicus,</span> <span class='ocrx_word' id='word_1_152' title='bbox 1203 1532 1265 1583; x_wconf 74' lang='lat' dir='ltr'>ab,</span> <span class='ocrx_word' id='word_1_153' title='bbox 1289 1534 1490 1581; x_wconf 74' lang='lat' dir='ltr'>Antinoo</span> <span class='ocrx_word' id='word_1_154' title='bbox 1517 1551 1623 1599; x_wconf 90' lang='lat' dir='ltr'>per-</span> 
     </span>
     <span class='ocr_line' id='line_1_22' title="bbox 200 1596 1623 1664; baseline -0.004 -13"><span class='ocrx_word' id='word_1_155' title='bbox 200 1619 389 1661; x_wconf 86' lang='lat' dir='ltr'>cussus,</span> <span class='ocrx_word' id='word_1_156' title='bbox 424 1601 618 1664; x_wconf 90' lang='lat' dir='ltr'>inopum</span> <span class='ocrx_word' id='word_1_157' title='bbox 650 1598 789 1644; x_wconf 88' lang='lat' dir='ltr'>furias</span> <span class='ocrx_word' id='word_1_158' title='bbox 818 1597 868 1644; x_wconf 90' lang='lat' dir='ltr'>in</span> <span class='ocrx_word' id='word_1_159' title='bbox 904 1596 1105 1662; x_wconf 87' lang='lat' dir='ltr'>improbi</span> <span class='ocrx_word' id='word_1_160' title='bbox 1135 1614 1308 1662; x_wconf 86' lang='lat' dir='ltr'>poenas</span> <span class='ocrx_word' id='word_1_161' title='bbox 1343 1599 1590 1648; x_wconf 87' lang='lat' dir='ltr'>advocaret</span> <span class='ocrx_word' id='word_1_162' title='bbox 1609 1636 1623 1660; x_wconf 92' lang='lat'>,</span> 
     </span>
     <span class='ocr_line' id='line_1_23' title="bbox 201 1669 535 1717; baseline -0.015 0"><span class='ocrx_word' id='word_1_163' title='bbox 201 1687 309 1717; x_wconf 87' lang='lat' dir='ltr'>cum</span> <span class='ocrx_word' id='word_1_164' title='bbox 335 1669 535 1715; x_wconf 87' lang='lat' dir='ltr'>diceret:</span> 
     </span>
    </p>

    <p class='ocr_par' dir='ltr' id='par_1_4' title="bbox 196 1731 1623 1990">
     <span class='ocr_line' id='line_1_24' title="bbox 327 1731 1326 1795; baseline -0.005 -15"><span class='ocrx_word' id='word_1_165' title='bbox 327 1735 432 1781; x_wconf 80' lang='grc' dir='ltr'>Ἀλλ’</span> <span class='ocrx_word' id='word_1_166' title='bbox 466 1739 567 1779; x_wconf 70' lang='grc' dir='ltr'>εἴπευ</span> <span class='ocrx_word' id='word_1_167' title='bbox 585 1743 746 1792; x_wconf 74' lang='grc' dir='ltr'>πτωχῶν</span> <span class='ocrx_word' id='word_1_168' title='bbox 764 1751 807 1795; x_wconf 75' lang='grc' dir='ltr'>γε</span> <span class='ocrx_word' id='word_1_169' title='bbox 833 1732 902 1775; x_wconf 74' lang='grc' dir='ltr'>6εεῖ</span> <span class='ocrx_word' id='word_1_170' title='bbox 927 1731 989 1773; x_wconf 76' lang='grc' dir='ltr'>καὶ</span> <span class='ocrx_word' id='word_1_171' title='bbox 1027 1731 1179 1790; x_wconf 73' lang='grc' dir='ltr'><em>ἐριννύες</em></span> <span class='ocrx_word' id='word_1_172' title='bbox 1208 1734 1326 1789; x_wconf 63' lang='grc' dir='ltr'><em>εἷο-ἵν,</em></span> 
     </span>
     <span class='ocr_line' id='line_1_25' title="bbox 325 1793 1276 1862; baseline -0.008 -15"><span class='ocrx_word' id='word_1_173' title='bbox 325 1801 504 1847; x_wconf 52' lang='lat' dir='ltr'>&#39;Amba-a</span> <span class='ocrx_word' id='word_1_174' title='bbox 532 1804 602 1862; x_wconf 68' lang='grc' dir='ltr'>πρὸ</span> <span class='ocrx_word' id='word_1_175' title='bbox 628 1807 758 1860; x_wconf 71' lang='grc' dir='ltr'><em>γάμοιο</em></span> <span class='ocrx_word' id='word_1_176' title='bbox 779 1799 877 1848; x_wconf 62' lang='grc' dir='ltr'>τέλος</span> <span class='ocrx_word' id='word_1_177' title='bbox 897 1795 1061 1839; x_wconf 58' lang='grc' dir='ltr'>θανάτοιο</span> <span class='ocrx_word' id='word_1_178' title='bbox 1093 1801 1213 1854; x_wconf 77' lang='grc' dir='ltr'><em>κιχείη</em></span> <span class='ocrx_word' id='word_1_179' title='bbox 1237 1793 1276 1840; x_wconf 86' lang='lat'>4.</span> 
     </span>
     <span class='ocr_line' id='line_1_26' title="bbox 196 1857 1618 1930; baseline -0.006 -12"><span class='ocrx_word' id='word_1_180' title='bbox 196 1870 269 1918; x_wconf 92' lang='lat' dir='ltr'>De</span> <span class='ocrx_word' id='word_1_181' title='bbox 293 1862 492 1916; x_wconf 90' lang='lat' dir='ltr'>Hercule</span> <span class='ocrx_word' id='word_1_182' title='bbox 513 1901 525 1924; x_wconf 95' lang='lat'>,</span> <span class='ocrx_word' id='word_1_183' title='bbox 561 1864 641 1930; x_wconf 89' lang='lat' dir='ltr'>qui</span> <span class='ocrx_word' id='word_1_184' title='bbox 663 1863 875 1929; x_wconf 88' lang='lat' dir='ltr'>Iphitum</span> <span class='ocrx_word' id='word_1_185' title='bbox 898 1859 1129 1924; x_wconf 89' lang='lat' dir='ltr'>hospitem</span> <span class='ocrx_word' id='word_1_186' title='bbox 1154 1857 1415 1919; x_wconf 86' lang='lat' dir='ltr'>occiderat,</span> <span class='ocrx_word' id='word_1_187' title='bbox 1449 1861 1618 1910; x_wconf 70' lang='lat' dir='ltr'>Poeta:</span> 
     </span>
     <span class='ocr_line' id='line_1_27' title="bbox 1523 1934 1623 1990; baseline 0 -14"><span class='ocrx_word' id='word_1_188' title='bbox 1523 1934 1623 1990; x_wconf 83' lang='grc' dir='ltr'>Σχέ·</span> 
     </span>
    </p>
   </div>
   <div class='ocr_carea' id='block_1_3' title="bbox 188 2053 1620 2649">
    <p class='ocr_par' dir='ltr' id='par_1_5' title="bbox 188 2053 1620 2649">
     <span class='ocr_line' id='line_1_28' title="bbox 196 2053 1612 2108; baseline -0.008 -6"><span class='ocrx_word' id='word_1_189' title='bbox 196 2078 200 2083; x_wconf 94' lang='grc'><em>·</em></span> <span class='ocrx_word' id='word_1_190' title='bbox 242 2065 280 2108; x_wconf 85' lang='lat'>1)</span> <span class='ocrx_word' id='word_1_191' title='bbox 303 2061 386 2098; x_wconf 81' lang='lat' dir='ltr'>vid.</span> <span class='ocrx_word' id='word_1_192' title='bbox 410 2062 476 2098; x_wconf 87' lang='lat' dir='ltr'>od.</span> <span class='ocrx_word' id='word_1_193' title='bbox 500 2060 570 2105; x_wconf 87' lang='lat' dir='ltr'>IV,</span> <span class='ocrx_word' id='word_1_194' title='bbox 595 2061 639 2095; x_wconf 83' lang='lat'>50</span> <span class='ocrx_word' id='word_1_195' title='bbox 661 2070 756 2104; x_wconf 85' lang='lat' dir='ltr'>seqq.</span> <span class='ocrx_word' id='word_1_196' title='bbox 780 2055 826 2093; x_wconf 87' lang='lat' dir='ltr'>al.</span> <span class='ocrx_word' id='word_1_197' title='bbox 938 2054 977 2099; x_wconf 82' lang='lat'>2)</span> <span class='ocrx_word' id='word_1_198' title='bbox 1002 2054 1128 2089; x_wconf 86' lang='lat' dir='ltr'>Dieser</span> <span class='ocrx_word' id='word_1_199' title='bbox 1146 2053 1267 2089; x_wconf 81' lang='lat' dir='ltr'>Grund</span> <span class='ocrx_word' id='word_1_200' title='bbox 1285 2083 1295 2101; x_wconf 87' lang='lat'>,</span> <span class='ocrx_word' id='word_1_201' title='bbox 1319 2056 1435 2102; x_wconf 87' lang='lat' dir='ltr'>inquit</span> <span class='ocrx_word' id='word_1_202' title='bbox 1459 2056 1612 2095; x_wconf 80' lang='lat' dir='ltr'>Nitzsch.</span> 
     </span>
     <span class='ocr_line' id='line_1_29' title="bbox 194 2109 1618 2161; baseline -0.008 -6"><span class='ocrx_word' id='word_1_203' title='bbox 194 2120 242 2155; x_wconf 79' lang='lat' dir='ltr'>ad</span> <span class='ocrx_word' id='word_1_204' title='bbox 260 2117 416 2161; x_wconf 81' lang='lat' dir='ltr'>Od.111,</span> <span class='ocrx_word' id='word_1_205' title='bbox 444 2117 622 2160; x_wconf 83' lang='grc'>50-55,</span> <span class='ocrx_word' id='word_1_206' title='bbox 647 2120 774 2147; x_wconf 85' lang='lat' dir='ltr'>musste</span> <span class='ocrx_word' id='word_1_207' title='bbox 805 2111 885 2145; x_wconf 80' lang='lat' dir='ltr'>sehr</span> <span class='ocrx_word' id='word_1_208' title='bbox 916 2109 1013 2144; x_wconf 82' lang='lat' dir='ltr'>stark</span> <span class='ocrx_word' id='word_1_209' title='bbox 1046 2110 1122 2143; x_wconf 77' lang='lat' dir='ltr'>sein</span> <span class='ocrx_word' id='word_1_210' title='bbox 1149 2109 1186 2143; x_wconf 90' lang='lat' dir='ltr'>in</span> <span class='ocrx_word' id='word_1_211' title='bbox 1219 2110 1314 2144; x_wconf 86' lang='lat' dir='ltr'>einer</span> <span class='ocrx_word' id='word_1_212' title='bbox 1345 2111 1448 2154; x_wconf 62' lang='lat' dir='ltr'>Zeu,</span> <span class='ocrx_word' id='word_1_213' title='bbox 1472 2124 1519 2145; x_wconf 84' lang='lat' dir='ltr'>wo</span> <span class='ocrx_word' id='word_1_214' title='bbox 1555 2113 1618 2148; x_wconf 86' lang='lat' dir='ltr'>das</span> 
     </span>
     <span class='ocr_line' id='line_1_30' title="bbox 190 2164 1620 2220; baseline -0.01 -9"><span class='ocrx_word' id='word_1_215' title='bbox 190 2174 455 2220; x_wconf 53' lang='lat' dir='ltr'>‚Gemeinwezen</span> <span class='ocrx_word' id='word_1_216' title='bbox 481 2171 550 2205; x_wconf 87' lang='lat' dir='ltr'>und</span> <span class='ocrx_word' id='word_1_217' title='bbox 570 2167 801 2203; x_wconf 72' lang='lat' dir='ltr'>Viilkerrecht</span> <span class='ocrx_word' id='word_1_218' title='bbox 823 2166 890 2200; x_wconf 83' lang='lat' dir='ltr'>sast</span> <span class='ocrx_word' id='word_1_219' title='bbox 906 2165 1028 2210; x_wconf 80' lang='lat' dir='ltr'>keine,</span> <span class='ocrx_word' id='word_1_220' title='bbox 1053 2164 1112 2198; x_wconf 87' lang='lat' dir='ltr'>das</span> <span class='ocrx_word' id='word_1_221' title='bbox 1130 2164 1224 2198; x_wconf 86' lang='lat' dir='ltr'>Haus</span> <span class='ocrx_word' id='word_1_222' title='bbox 1251 2164 1317 2197; x_wconf 91' lang='lat' dir='ltr'>und</span> <span class='ocrx_word' id='word_1_223' title='bbox 1337 2164 1398 2198; x_wconf 85' lang='lat' dir='ltr'>der</span> <span class='ocrx_word' id='word_1_224' title='bbox 1423 2165 1620 2200; x_wconf 78' lang='lat' dir='ltr'>Familien-</span> 
     </span>
     <span class='ocr_line' id='line_1_31' title="bbox 192 2218 1619 2273; baseline -0.008 -9"><span class='ocrx_word' id='word_1_225' title='bbox 192 2230 330 2273; x_wconf 58' lang='lat' dir='ltr'>anhang</span> <span class='ocrx_word' id='word_1_226' title='bbox 364 2227 432 2260; x_wconf 80' lang='lat' dir='ltr'>fast</span> <span class='ocrx_word' id='word_1_227' title='bbox 458 2225 563 2259; x_wconf 84' lang='lat' dir='ltr'>allein</span> <span class='ocrx_word' id='word_1_228' title='bbox 588 2222 785 2258; x_wconf 81' lang='lat' dir='ltr'>Sicherheit</span> <span class='ocrx_word' id='word_1_229' title='bbox 815 2219 1005 2265; x_wconf 65' lang='lat' dir='ltr'>gewiihrten</span> <span class='ocrx_word' id='word_1_230' title='bbox 1021 2248 1030 2264; x_wconf 90' lang='lat'>‚</span> <span class='ocrx_word' id='word_1_231' title='bbox 1054 2219 1123 2253; x_wconf 90' lang='lat' dir='ltr'>und</span> <span class='ocrx_word' id='word_1_232' title='bbox 1154 2231 1202 2252; x_wconf 80' lang='lat' dir='ltr'>wo</span> <span class='ocrx_word' id='word_1_233' title='bbox 1224 2218 1284 2253; x_wconf 87' lang='lat' dir='ltr'>der</span> <span class='ocrx_word' id='word_1_234' title='bbox 1315 2219 1482 2254; x_wconf 83' lang='lat' dir='ltr'>Reisende</span> <span class='ocrx_word' id='word_1_235' title='bbox 1508 2221 1619 2256; x_wconf 82' lang='lat' dir='ltr'>weder</span> 
     </span>
     <span class='ocr_line' id='line_1_32' title="bbox 194 2273 1619 2321; baseline -0.007 -1"><span class='ocrx_word' id='word_1_236' title='bbox 194 2293 291 2321; x_wconf 79' lang='lat' dir='ltr'>sonst</span> <span class='ocrx_word' id='word_1_237' title='bbox 307 2283 362 2317; x_wconf 87' lang='lat' dir='ltr'>ein</span> <span class='ocrx_word' id='word_1_238' title='bbox 376 2279 649 2316; x_wconf 84' lang='lat' dir='ltr'>Unterkommen</span> <span class='ocrx_word' id='word_1_239' title='bbox 670 2276 782 2311; x_wconf 87' lang='lat' dir='ltr'>finden</span> <span class='ocrx_word' id='word_1_240' title='bbox 798 2305 808 2321; x_wconf 94' lang='lat'>,</span> <span class='ocrx_word' id='word_1_241' title='bbox 832 2274 921 2310; x_wconf 84' lang='lat' dir='ltr'>noch</span> <span class='ocrx_word' id='word_1_242' title='bbox 947 2274 1035 2309; x_wconf 85' lang='lat' dir='ltr'>Geld</span> <span class='ocrx_word' id='word_1_243' title='bbox 1049 2274 1131 2308; x_wconf 88' lang='lat' dir='ltr'>oder</span> <span class='ocrx_word' id='word_1_244' title='bbox 1153 2273 1388 2308; x_wconf 80' lang='lat' dir='ltr'>Geldeswerth</span> <span class='ocrx_word' id='word_1_245' title='bbox 1403 2286 1440 2308; x_wconf 88' lang='lat' dir='ltr'>so</span> <span class='ocrx_word' id='word_1_246' title='bbox 1462 2276 1530 2310; x_wconf 82' lang='lat' dir='ltr'>viel</span> <span class='ocrx_word' id='word_1_247' title='bbox 1555 2276 1619 2310; x_wconf 88' lang='lat' dir='ltr'>mit</span> 
     </span>
     <span class='ocr_line' id='line_1_33' title="bbox 192 2328 1620 2377; baseline -0.009 -3"><span class='ocrx_word' id='word_1_248' title='bbox 192 2340 267 2376; x_wconf 81' lang='lat' dir='ltr'>sich</span> <span class='ocrx_word' id='word_1_249' title='bbox 297 2337 445 2372; x_wconf 81' lang='lat' dir='ltr'>nehmen</span> <span class='ocrx_word' id='word_1_250' title='bbox 479 2334 605 2368; x_wconf 80' lang='lat' dir='ltr'>konnte</span> <span class='ocrx_word' id='word_1_251' title='bbox 628 2361 637 2377; x_wconf 92' lang='lat'>,</span> <span class='ocrx_word' id='word_1_252' title='bbox 669 2344 727 2365; x_wconf 92' lang='lat' dir='ltr'>um</span> <span class='ocrx_word' id='word_1_253' title='bbox 766 2332 860 2366; x_wconf 80' lang='lat' dir='ltr'>scine</span> <span class='ocrx_word' id='word_1_254' title='bbox 906 2329 1127 2364; x_wconf 72' lang='lat' dir='ltr'>Bedfirsnisse</span> <span class='ocrx_word' id='word_1_255' title='bbox 1161 2329 1216 2362; x_wconf 87' lang='lat' dir='ltr'>ein</span> <span class='ocrx_word' id='word_1_256' title='bbox 1245 2341 1285 2362; x_wconf 78' lang='lat' dir='ltr'>zu</span> <span class='ocrx_word' id='word_1_257' title='bbox 1316 2328 1492 2366; x_wconf 79' lang='lat' dir='ltr'>tauschen.</span> <span class='ocrx_word' id='word_1_258' title='bbox 1546 2330 1620 2365; x_wconf 78' lang='lat' dir='ltr'>Der</span> 
     </span>
     <span class='ocr_line' id='line_1_34' title="bbox 191 2383 1620 2437; baseline -0.008 -7"><span class='ocrx_word' id='word_1_259' title='bbox 191 2394 325 2430; x_wconf 76' lang='lat' dir='ltr'>Wirth</span> <span class='ocrx_word' id='word_1_260' title='bbox 347 2391 410 2437; x_wconf 80' lang='lat' dir='ltr'>gab</span> <span class='ocrx_word' id='word_1_261' title='bbox 424 2390 506 2425; x_wconf 69' lang='lat' dir='ltr'>oder</span> <span class='ocrx_word' id='word_1_262' title='bbox 527 2387 598 2423; x_wconf 84' lang='lat' dir='ltr'>lieh</span> <span class='ocrx_word' id='word_1_263' title='bbox 613 2387 689 2421; x_wconf 86' lang='lat' dir='ltr'>hier</span> <span class='ocrx_word' id='word_1_264' title='bbox 713 2387 1003 2431; x_wconf 82' lang='lat' dir='ltr'>gewissermassen</span> <span class='ocrx_word' id='word_1_265' title='bbox 1016 2384 1080 2418; x_wconf 82' lang='lat' dir='ltr'>auf</span> <span class='ocrx_word' id='word_1_266' title='bbox 1094 2383 1250 2428; x_wconf 72' lang='lat' dir='ltr'>kiinftige</span> <span class='ocrx_word' id='word_1_267' title='bbox 1268 2383 1620 2430; x_wconf 78' lang='lat' dir='ltr'>VViedervergeltung</span> 
     </span>
     <span class='ocr_line' id='line_1_35' title="bbox 191 2439 1615 2487; baseline -0.01 -2"><span class='ocrx_word' id='word_1_268' title='bbox 191 2452 243 2486; x_wconf 81' lang='lat' dir='ltr'>im</span> <span class='ocrx_word' id='word_1_269' title='bbox 267 2450 382 2483; x_wconf 83' lang='lat' dir='ltr'>Hause</span> <span class='ocrx_word' id='word_1_270' title='bbox 405 2445 463 2479; x_wconf 85' lang='lat' dir='ltr'>des</span> <span class='ocrx_word' id='word_1_271' title='bbox 488 2443 611 2478; x_wconf 72' lang='lat' dir='ltr'>Gastes</span> <span class='ocrx_word' id='word_1_272' title='bbox 628 2469 637 2487; x_wconf 90' lang='lat'>,</span> <span class='ocrx_word' id='word_1_273' title='bbox 660 2441 742 2475; x_wconf 87' lang='lat' dir='ltr'>oder</span> <span class='ocrx_word' id='word_1_274' title='bbox 773 2441 888 2475; x_wconf 86' lang='lat' dir='ltr'>durste</span> <span class='ocrx_word' id='word_1_275' title='bbox 916 2440 972 2474; x_wconf 83' lang='lat' dir='ltr'>bei</span> <span class='ocrx_word' id='word_1_276' title='bbox 1009 2439 1068 2473; x_wconf 87' lang='lat' dir='ltr'>der</span> <span class='ocrx_word' id='word_1_277' title='bbox 1104 2450 1163 2472; x_wconf 82' lang='lat' dir='ltr'>aus</span> <span class='ocrx_word' id='word_1_278' title='bbox 1196 2439 1272 2472; x_wconf 88' lang='lat' dir='ltr'>dem</span> <span class='ocrx_word' id='word_1_279' title='bbox 1294 2439 1519 2483; x_wconf 76' lang='lat' dir='ltr'>allgemeinen</span> <span class='ocrx_word' id='word_1_280' title='bbox 1541 2439 1615 2472; x_wconf 84' lang='lat' dir='ltr'>Be-</span> 
     </span>
     <span class='ocr_line' id='line_1_36' title="bbox 191 2492 1615 2541; baseline -0.01 0"><span class='ocrx_word' id='word_1_281' title='bbox 191 2504 345 2541; x_wconf 80' lang='lat' dir='ltr'>diirfniss</span> <span class='ocrx_word' id='word_1_282' title='bbox 373 2499 618 2536; x_wconf 74' lang='lat' dir='ltr'>entstandenen</span> <span class='ocrx_word' id='word_1_283' title='bbox 637 2496 724 2532; x_wconf 75' lang='lat' dir='ltr'>Siue</span> <span class='ocrx_word' id='word_1_284' title='bbox 749 2508 812 2530; x_wconf 78' lang='lat' dir='ltr'>von</span> <span class='ocrx_word' id='word_1_285' title='bbox 827 2495 938 2538; x_wconf 80' lang='lat' dir='ltr'>jedem</span> <span class='ocrx_word' id='word_1_286' title='bbox 955 2493 1149 2528; x_wconf 79' lang='lat' dir='ltr'>Besuchten</span> <span class='ocrx_word' id='word_1_287' title='bbox 1173 2494 1237 2528; x_wconf 81' lang='lat' dir='ltr'>den</span> <span class='ocrx_word' id='word_1_288' title='bbox 1249 2492 1347 2528; x_wconf 88' lang='lat' dir='ltr'>Lohn</span> <span class='ocrx_word' id='word_1_289' title='bbox 1367 2494 1480 2528; x_wconf 87' lang='lat' dir='ltr'>seiner</span> <span class='ocrx_word' id='word_1_290' title='bbox 1506 2494 1615 2528; x_wconf 85' lang='lat' dir='ltr'>Gast-</span> 
     </span>
     <span class='ocr_line' id='line_1_37' title="bbox 188 2547 1613 2596; baseline -0.012 0"><span class='ocrx_word' id='word_1_291' title='bbox 188 2559 339 2596; x_wconf 77' lang='lat' dir='ltr'>lichkeit</span> <span class='ocrx_word' id='word_1_292' title='bbox 367 2562 543 2590; x_wconf 77' lang='lat' dir='ltr'>erwarten.</span> <span class='ocrx_word' id='word_1_293' title='bbox 677 2552 715 2595; x_wconf 84' lang='lat'>5)</span> <span class='ocrx_word' id='word_1_294' title='bbox 742 2551 796 2587; x_wconf 88' lang='lat' dir='ltr'>Cf.</span> <span class='ocrx_word' id='word_1_295' title='bbox 830 2550 868 2586; x_wconf 88' lang='lat' dir='ltr'>P.</span> <span class='ocrx_word' id='word_1_296' title='bbox 894 2562 924 2586; x_wconf 71' lang='lat' dir='ltr'>v,</span> <span class='ocrx_word' id='word_1_297' title='bbox 950 2551 989 2586; x_wconf 86' lang='lat' dir='ltr'>L.</span> <span class='ocrx_word' id='word_1_298' title='bbox 1025 2549 1213 2593; x_wconf 77' lang='lat' dir='ltr'>Brouwer,</span> <span class='ocrx_word' id='word_1_299' title='bbox 1251 2560 1329 2582; x_wconf 84' lang='lat' dir='ltr'>over</span> <span class='ocrx_word' id='word_1_300' title='bbox 1360 2547 1421 2584; x_wconf 87' lang='lat' dir='ltr'>het.</span> <span class='ocrx_word' id='word_1_301' title='bbox 1451 2547 1613 2593; x_wconf 81' lang='lat' dir='ltr'>gevoelen</span> 
     </span>
     <span class='ocr_line' id='line_1_38' title="bbox 189 2600 1614 2649; baseline -0.018 0"><span class='ocrx_word' id='word_1_302' title='bbox 189 2626 256 2649; x_wconf 72' lang='lat' dir='ltr'>van</span> <span class='ocrx_word' id='word_1_303' title='bbox 281 2613 321 2649; x_wconf 91' lang='lat' dir='ltr'>B.</span> <span class='ocrx_word' id='word_1_304' title='bbox 347 2611 512 2646; x_wconf 79' lang='lat' dir='ltr'>Constant</span> <span class='ocrx_word' id='word_1_305' title='bbox 544 2620 617 2645; x_wconf 79' lang='lat' dir='ltr'>enz.</span> <span class='ocrx_word' id='word_1_306' title='bbox 650 2606 778 2642; x_wconf 84' lang='lat' dir='ltr'>Mnem.</span> <span class='ocrx_word' id='word_1_307' title='bbox 814 2607 845 2641; x_wconf 87' lang='lat'>3.</span> <span class='ocrx_word' id='word_1_308' title='bbox 872 2604 974 2642; x_wconf 81' lang='lat' dir='ltr'>Vei-z.</span> <span class='ocrx_word' id='word_1_309' title='bbox 1008 2603 1117 2642; x_wconf 80' lang='lat' dir='ltr'>D,11,</span> <span class='ocrx_word' id='word_1_310' title='bbox 1143 2602 1272 2640; x_wconf 73' lang='lat' dir='ltr'>bl.258</span> <span class='ocrx_word' id='word_1_311' title='bbox 1296 2601 1382 2648; x_wconf 58' lang='grc' dir='ltr'><strong>γοῙς,</strong></span> <span class='ocrx_word' id='word_1_312' title='bbox 1479 2602 1519 2648; x_wconf 87' lang='lat'>4)</span> <span class='ocrx_word' id='word_1_313' title='bbox 1545 2600 1614 2637; x_wconf 57' lang='lat'>04,</span> 
     </span>
    </p>
   </div>
   <div class='ocr_carea' id='block_1_4' title="bbox 186 2662 964 2715">
    <p class='ocr_par' dir='ltr' id='par_1_6' title="bbox 186 2662 964 2715">
     <span class='ocr_line' id='line_1_39' title="bbox 186 2662 964 2715; baseline -0.01 -9"><span class='ocrx_word' id='word_1_314' title='bbox 186 2668 322 2715; x_wconf 64' lang='lat' dir='ltr'>XVII,</span> <span class='ocrx_word' id='word_1_315' title='bbox 345 2667 412 2714; x_wconf 83' lang='lat'>475</span> <span class='ocrx_word' id='word_1_316' title='bbox 440 2677 513 2712; x_wconf 73' lang='lat' dir='ltr'>seq,</span> <span class='ocrx_word' id='word_1_317' title='bbox 547 2663 604 2705; x_wconf 83' lang='lat' dir='ltr'>cu.</span> <span class='ocrx_word' id='word_1_318' title='bbox 639 2674 688 2701; x_wconf 81' lang='lat' dir='ltr'>vs.</span> <span class='ocrx_word' id='word_1_319' title='bbox 710 2663 778 2699; x_wconf 80' lang='lat'>462</span> <span class='ocrx_word' id='word_1_320' title='bbox 814 2667 849 2697; x_wconf 82' lang='lat' dir='ltr'>et</span> <span class='ocrx_word' id='word_1_321' title='bbox 885 2662 964 2698; x_wconf 77' lang='lat'><strong>481.</strong></span> 
     </span>
    </p>
   </div>
  </div>
 </body>
</html>
