1780 3120
524 127 1107 192 HOME'RICA.
1416 141 1515 192 255

225 303 242 327 ς
278 313 291 327 .
327 295 353 324 .’
379 310 391 323 .
426 310 440 323 .
475 308 489 321 .
524 278 624 334 μετὰ
649 273 690 320 δέ
720 291 807 337 σφιν
831 275 1006 333 ἐμέλπετο
1028 275 1117 327 θεῖος
1144 275 1286 331 αόιδὸς,

225 346 442 406 Φορμῖζων·
478 341 560 386 δοιὼ
582 342 622 387 δὲ
645 342 853 401 κνβιστῆρε
874 335 958 383 κατ’
987 341 1116 391 αὐτοὺς

228 413 388 460 Μολπῆς
418 407 636 468 ἐξάρχοντες
660 415 677 440 ²
713 405 861 450 ἐδίνευον
895 408 994 450 κατὰ
1027 411 1162 463 μέσσον
1184 413 1223 451 2.

96 472 278 522 Eadem
303 473 400 518 fere
425 471 646 535 leguntur
663 468 821 520 Iliadis
851 467 972 516 libro
997 466 1180 518 decimo
1208 478 1392 529 oetam,
1427 486 1521 536 quo

96 539 150 586 in
175 538 370 588 Achillis
394 536 554 601 clypeo

227 642 241 656 .
278 639 292 653 .
329 639 342 652 .
377 641 389 653 .
422 605 507 650 δοιὼ
541 638 555 653 .
588 635 603 650 .
638 605 846 664 κυβιστῆρε
868 597 954 646 κατ’
985 602 1113 654 αὐτοὺς
1136 599 1160 634 5

227 674 390 723 Μολπῆς
412 672 632 731 ἐξάρχοντες
664 670 814 715 ἐδίνευον
845 687 944 712 κατα
971 675 1129 727 μέσσους
1151 665 1191 714 4·

95 737 175 783 Διὲ
206 743 366 800 σφαίρας
403 750 483 781 seu
506 742 646 798 σφαιρῃ
676 750 784 780 cum
820 731 953 777 sociis
990 730 1150 778 lusisse
1184 730 1359 781 dicitur
1384 733 1517 780 Nau-

93 802 215 847 sicae
235 836 248 858 ,
284 785 429 865 (Quae,
454 797 538 850 ubi
565 798 660 847 cibi
685 796 972 844 desiderium
1006 796 1340 863 expleverant,
1375 801 1518 849 vesti-

93 864 181 913 bus
207 864 312 911 lotis
329 901 343 916 ,

223 936 373 994 Σφαῖρῃ
409 966 421 979 .
460 964 472 979 .
507 964 524 978 .
561 961 574 974 .
607 927 779 987 ἔπαιζον,
813 933 886 977 ἀπὸ
915 933 1106 993 κρήδεμνα
1133 933 1346 988 βαλοῦσαιῖ

223 1000 324 1057 Τῇσι
354 997 393 1042 δὲ
419 999 629 1043 Ναυσικάα
652 999 869 1048 λευκώλενος
895 1001 1036 1058 ἤρχετο
1059 1001 1202 1056 μολπῆς
1223 996 1262 1042 5.

91 1061 129 1107 A
164 1060 429 1107 Phaeacum
463 1076 571 1124 rege
607 1059 802 1105 Alcinoo
833 1060 882 1106 in
915 1062 1096 1126 Ulyssis
1130 1061 1357 1109 honorem
1385 1062 1520 1111 salta-

92 1127 211 1172 toria
239 1125 493 1174 certamina
519 1141 628 1172 cum
662 1124 937 1187 ederentur,
971 1144 1140 1176 novem
1169 1126 1248 1174 ille
1285 1135 1517 1191 αἰσυμνήτας

95 1190 267 1255 elegit,

224 1290 489 1306 ......
523 1262 558 1303 οἳ
587 1254 673 1303 κατ’
694 1263 840 1317 ἀγῶνας
866 1263 1143 1322 ἐϋπρήσσεσκον
1173 1262 1346 1308 ἕκαστα·

221 1325 386 1386 Λείῃναν
415 1327 455 1371 δὲ
483 1327 615 1384 χορὸν,
651 1326 762 1368 mliv
787 1321 824 1369 δ’
853 1324 1006 1387 εὔρυναν
1030 1333 1157 1388 ἀγῶνα
1179 1327 1216 1372 5.

91 1385 272 1447 Quibus
319 1389 452 1436 factis
498 1387 800 1435 Demodocus
820 1426 833 1450 ,
879 1390 1060 1437 cithara
1095 1409 1121 1437 a
1164 1408 1394 1455 praecone
1441 1409 1519 1441 ac-

87 1462 220 1519 cepta
239 1491 253 1514 ,

222 1554 482 1569 ......
515 1518 580 1566 κι”
607 1524 643 1574 ἐς
677 1526 789 1580 μέσον
807 1536 820 1547 ·
854 1526 952 1586 ἀμφέ
973 1523 1011 1568 οἳ·
1054 1530 1172 1586 κοῦροι

217 1589 435 1647 Πρωθῆβαι
464 1592 638 1643 ἵσταντο,
674 1587 851 1645 δαήμονες
881 1592 1107 1650 ὀρχηθμοῖο·

217 1653 418 1714 Πέπληγον
443 1652 483 1698 δὲ
513 1656 620 1713 χορὲν
645 1655 735 1697 θεῖον
751 1659 878 1698 ποσίν·
915 1657 1038 1715 αὐτὰρ
1068 1651 1280 1708 Ὀδυσσεῦς

218 1715 491 1780 Μοιρμαρυγας
521 1722 640 1769 θηεῖτο
664 1718 807 1773 ποδῶν,
843 1722 1011 1779 θαὺμοεζε
1044 1719 1082 1766 δὲ
1113 1722 1219 1782 θυμῷ
1241 1732 1278 1766 7.

86 1779 272 1827 Interea
300 1781 359 1827 de
400 1780 684 1846 Aphrodites
723 1781 976 1847 Martisque
1005 1784 1170 1831 furtivo
1199 1802 1355 1832 amore
1385 1787 1512 1836 canit

86 1847 275 1905 αὲιδὲςὸ,
324 1846 406 1912 qui
449 1864 558 1894 cum
597 1845 839 1905 desiisset,
883 1848 1106 1896 Alcinous
1149 1866 1204 1898 ex
1241 1851 1512 1902 saltantium

1426 1937 1515 1967 nu-

131 2012 169 2057 1)
195 2012 392 2049 Athenaeus
415 2013 455 2050 L.
474 2013 536 2051 IV.
560 2025 592 2050 c.
613 2014 669 2050 28.
692 2015 824 2050 mavult
844 2015 956 2059 legere
980 2018 1197 2063 ἐξάρχοντος
1215 2030 1263 2053 sc.
1288 2020 1441 2068 ἀοίδου,
1465 2030 1507 2060 ut

83 2067 143 2103 hic
168 2069 298 2103 musica
324 2070 553 2115 κυβιστήρων
576 2076 688 2102 motus
703 2070 842 2107 rexerit.
876 2071 977 2113 Quod
1002 2073 1031 2107 si
1053 2072 1268 2118 probandum
1288 2075 1357 2121 sit,
1380 2085 1421 2112 ut
1442 2090 1512 2114 uo-

84 2121 141 2157 his
168 2123 309 2169 quidem
345 2123 480 2157 videtur
502 2151 511 2168 ‚
544 2131 580 2157 et
606 2123 650 2158 Il.
682 2123 824 2170 XVIII,
857 2128 924 2162 605
955 2127 1139 2173 legendum
1172 2138 1262 2164 esset
1292 2131 1510 2177 ἐξάρχοντος

86 2185 254 2212 commate
288 2177 400 2223 posito
425 2185 503 2222 post
536 2178 672 2216 αὐτοὺς
699 2186 734 2212 et
761 2181 883 2225 ἐξάρχ.
931 2182 984 2217 Ex
1013 2183 1116 2220 Iliad,
1149 2185 1241 2219 enim
1271 2185 1312 2221 L,
1341 2187 1365 2223 l,
1400 2188 1437 2222 in
1468 2189 1509 2223 h.

85 2231 206 2276 Odyss.
222 2230 248 2267 l.
266 2231 308 2265 ab
325 2231 528 2266 Aristarcho
551 2244 665 2266 versus
684 2233 773 2267 male
795 2234 945 2272 insertos
965 2250 1037 2273 esse
1051 2239 1152 2274 docet
1166 2239 1367 2276 Athenaeus
1389 2243 1429 2279 L.
1443 2242 1510 2282 IV.

86 2297 116 2320 c.
141 2286 196 2321 28.
219 2297 255 2330 Ρ.
274 2287 342 2321 280
358 2299 452 2332 seq.‚
476 2286 572 2331 cujus
597 2294 649 2322 est
670 2287 770 2322 docta
792 2289 834 2324 de
853 2290 910 2326 his
936 2292 1134 2338 disputatio.
1182 2293 1253 2329 Nec
1275 2295 1367 2330 inter
1384 2309 1511 2332 recen-

84 2338 192 2374 tiores
219 2339 360 2384 desunt,
393 2340 453 2387 qui
486 2341 527 2375 de
554 2354 713 2377 versuum
759 2343 802 2380 Il.
835 2346 876 2382 L.
901 2346 927 2381 l.
961 2349 1167 2384 auctoritate
1204 2349 1376 2388 dubitant.
1423 2352 1508 2392 Vid.

84 2393 223 2439 Heym,
245 2393 406 2441 Ernest„
429 2395 572 2442 Ko'ppen
598 2397 640 2430 ad
667 2396 799 2436 Il.l.1.
833 2398 986 2436 Nitzsch.
1021 2403 1064 2437 ad
1093 2403 1160 2440 Od.
1181 2404 1255 2450 IV,
1283 2407 1443 2453 15—-19,
1472 2416 1511 2445 et

85 2447 129 2482 ab
153 2446 208 2481 his
227 2448 288 2483 cit.
317 2457 407 2486 auct.
525 2450 564 2495 2)
589 2450 654 2487 Od.
679 2451 753 2497 IV,
779 2465 820 2500 17
843 2467 938 2502 seqq.
972 2457 1057 2505 ibiq.
1085 2458 1200 2496 schol.
1334 2461 1374 2504 3)
1399 2463 1508 2496 Πολ-

84 2500 148 2539 λὸς
173 2503 264 2536 euim
294 2503 492 2550 ἱμερόεντα
522 2507 633 2552 χορὸν
668 2505 886 2553 περιΐσταθ’
913 2513 1060 2559 ὅμιλος,
1097 2513 1318 2558 τερπόμενοι
1352 2515 1396 2554 ΙΙ.
1414 2518 1454 2556 L,
1479 2517 1507 2558 L

82 2565 134 2588 νε·
153 2556 221 2590 603
242 2568 314 2602 seq.
430 2560 470 2604 4)
496 2560 541 2597 11.
562 2562 601 2596 L.
623 2559 648 2597 l.
675 2573 720 2597 vs.
741 2565 829 2610 604,
852 2567 886 2602 5.
1004 2568 1043 2608 5)
1070 2568 1136 2604 Od.
1153 2566 1226 2611 VI,
1250 2580 1316 2605 100
1337 2583 1408 2618 seq.
1445 2574 1506 2610 Ad

82 2607 286 2653 rhythmum
306 2612 412 2656 igitur
430 2616 565 2662 σφαίρῃ
582 2615 746 2658 ἔπαιζον.
842 2619 882 2663 6)
906 2620 972 2659 Od.
990 2621 1099 2667 VIII,
1123 2624 1191 2659 260
1208 2634 1281 2669 seq.
1374 2627 1412 2673 7)
1436 2628 1504 2668 od.

80 2662 118 2698 L.
141 2662 167 2700 l.
204 2676 254 2700 vs·
273 2668 338 2702 262
359 2679 453 2714 seqq.
572 2669 612 2716 8)
638 2670 719 2710 vid.
754 2671 820 2711 Od.
857 2675 897 2714 L.
923 2675 951 2715 l.
985 2690 1031 2716 vs.
1051 2677 1260 2718 266—366.
1307 2679 1362 2720 Cf.
1398 2681 1436 2721 h.
1459 2684 1504 2722 Ι..

1412 2748 1449 2773 ce
1469 2739 1504 2777 4.
