1780 3120
181 144 278 180 122
555 133 1233 199 *ANTIQUITAS

177 279 272 327 quo
296 261 576 323 Hectorem,
609 274 662 313 ut
693 266 818 314 intra
847 269 1033 317 moenia
1068 286 1118 316 se
1150 270 1406 335 reciperet,
1442 287 1596 320 move·

174 335 249 374 ret
275 364 287 385 ‚
338 329 444 377 sinu
488 330 663 378 nudato
708 349 960 383 mammam
1012 337 1220 396 exserit,
1269 354 1462 404 eamque
1502 338 1594 404 ipsi

178 400 413 442 ostentans
436 395 589 443 filium
619 397 875 446 obtestatur

464 498 475 510 .
509 469 543 509 εἰ
568 472 655 510 ποτέ
676 484 728 509 τοι
757 467 962 520 λαθικηδέα
987 470 1105 527 μαζὸν
1135 471 1294 530 ἐπέσχον
1313 505 1327 527 ,

306 530 392 573 Τῶν
419 541 591 589 μνῆσαι,
628 532 710 592 φίλε
739 538 861 576 τέκνον
886 543 920 578 ².

177 588 448 657 Penelopen
474 610 603 640 suam
631 594 818 659 reliquit
847 596 1039 660 Ulysses
1071 602 1215 661 νύμφην
1240 604 1349 656 νέην,

311 693 322 705 .
453 693 469 709 .
503 670 590 714 παῖς
620 662 660 707 δέ
686 668 715 707 εἰ
739 661 784 716 ἦν
813 667 872 708 ἐπὶ
902 667 1041 727 μαζῷ,

301 727 445 778 Νήπιος
472 746 510 771 κ.
541 746 578 774 τ.
612 730 650 772 λ.
676 738 714 774 2.

170 787 273 837 Nec
303 797 458 836 tamen
484 792 688 838 nutrices
716 791 962 858 aliquando
1001 793 1200 840 adscitas
1231 807 1328 837 esse
1355 807 1595 855 negamus,

171 852 311 900 Vetat
333 856 464 902 ‘enim
492 856 687 903 Homeri
713 860 990 922 auctoritas,
1029 860 1109 924 qui
1129 858 1307 921 Ulyssis
1335 857 1592 917 nutricem,

165 916 471 985 Eurycleam‚
508 922 739 982 celebrat,
775 924 835 970 ad
861 943 1001 990 quam
1025 927 1125 989 ipse
1157 921 1448 972 Laertiades:

301 1021 612 1037 .......
649 994 696 1036 σὺ
723 992 762 1036 δέ
793 993 833 1052 μ’
852 991 1004 1056 ἔτρεφες
1023 996 1119 1046 αὑτὴ

299 1055 367 1115 To]
394 1056 451 1116 σῷ
477 1058 536 1099 ἐπὶ
563 1058 674 1118 μαζῷ
696 1055 719 1089 5
737 1071 748 1084 ·

165 1115 443 1165 Nausicaam
484 1118 598 1166 lacte
637 1137 720 1168 suo
749 1122 946 1170 nutrivit
979 1138 1036 1168 ex
1075 1120 1223 1188 Epiro
1265 1119 1464 1168 oriunda
1495 1119 1593 1168 Eu·

162 1183 434 1248 rymedusa:

303 1255 384 1303 Τήν
409 1254 492 1299 ποτ’
511 1252 736 1314 Ἀπείρηθεν
756 1262 830 1309 νέες
854 1253 991 1316 ἤγαγον
1017 1256 1297 1318 ἀμφιέλισσαι·

295 1317 470 1381 Ἀ).κινέῳ
497 1321 534 1366 δ’
557 1323 672 1373 αὐτὴν
703 1328 813 1383 γέρας
837 1319 960 1374 {ish-2
988 1341 1026 1365 κ.
1055 1338 1093 1365 τ.
1113 1323 1151 1367 λ.
1175 1318 1214 1365 4.

162 1379 456 1446 Astyanactis
485 1384 711 1450 denique,
749 1385 962 1432 Hectoris
1000 1384 1117 1442 filii,
1161 1384 1320 1431 nutrix
1361 1399 1591 1431 memora-

162 1454 267 1504 tur,
303 1449 385 1513 qui
409 1448 586 1509 infans,
625 1449 744 1496 dum
783 1449 1000 1498 manibus
1035 1448 1170 1496 illum
1205 1458 1338 1516 pater
1375 1450 1590 1513 excipere

161 1512 298 1560 vellet
318 1552 328 1572 ‚

278 1581 371 1642 ’Ὰψ
408 1615 421 1627 .
458 1614 470 1628 .
506 1617 519 1629 .
559 1615 571 1629 .
610 1617 620 1629 .
660 1616 672 1629 .
707 1584 796 1643 πρὸς
824 1584 956 1627 κόλπον
982 1587 1142 1635 ἐϋζώνοιο
1170 1587 1319 1635 τιθήνης

295 1646 479 1700 ‘Enii-Ar]
508 1651 653 1708 ἰάχων,
685 1651 822 1708 πατρὶς
852 1650 955 1709 φίλαν
975 1646 1060 1707 {daz-a
1093 1652 1266 1708 ἀτυχθείς
1289 1645 1330 1693 5.

163 1709 310 1775 Cujus
339 1712 407 1758 rei
438 1728 572 1757 causa
608 1711 657 1756 in
685 1711 847 1756 matris
873 1709 1138 1757 valetudine
1163 1711 1282 1757 forte
1308 1711 1456 1775 posita
1476 1720 1590 1758 erat.

160 1777 231 1824 Ut
263 1786 315 1823 ut
353 1785 451 1835 est,
490 1776 766 1840 singularem
801 1776 851 1822 in
893 1774 1146 1822 liberorum
1193 1776 1469 1823 educatione
1512 1795 1591 1823 cu-

159 1860 259 1890 ram
287 1861 311 1889 a
346 1842 618 1908 parentibus
649 1839 910 1887 adhibitam
946 1857 1043 1887 esse
1065 1878 1077 1899 ,
1113 1842 1222 1888 satis
1263 1858 1496 1907 superque
1531 1860 1588 1891 ex

159 1909 334 1956 Poetae
352 1907 636 1955 carminibus
669 1915 859 1954 constat.
929 1906 1054 1952 Hinc
1078 1908 1126 1952 in
1160 1906 1343 1954 deliciis
1377 1910 1587 1971 parenti-

160 1973 250 2020 bus
276 1976 387 2031 fuit,
423 1973 551 2039 quod
576 1974 785 2038 ipsorum
816 1970 1012 2035 genibus
1037 1971 1297 2019 insidentes
1332 1974 1491 2020 cibum
1513 1991 1587 2022 ca-

160 2049 330 2105 perent
365 2041 581 2086 infantes.
659 2039 860 2085 Hectore
900 2038 1056 2084 occiso
1100 2039 1391 2103 Astyanactis
1436 2040 1583 2086 fatum

160 2105 412 2170 deplorans
441 2104 769 2152 Andromache
789 2141 801 2164 ‚
836 2104 886 2150 in
916 2104 1141 2168 pristinae
1169 2105 1315 2170 ipsius
1354 2103 1586 2152 felicitatis

157 2172 431 2219 memoriam
462 2170 608 2230 redit,
644 2188 752 2217 cum

291 2269 649 2285 ........
684 2241 739 2283 ἑοῦ
764 2239 822 2283 ε’πί
842 2239 991 2299 *ss-§vam
1025 2239 1163 2301 πατρὲς

1468 2307 1581 2350 Μυε-

198 2441 238 2487 1)
263 2441 305 2477 Il.
329 2439 445 2484 XXII,
469 2439 513 2475 83
531 2452 603 2486 seq.
698 2441 737 2486 2)
763 2441 828 2475 Od.
852 2440 920 2480 XI,
944 2442 1009 2487 447
1034 2453 1107 2486 seq.
1225 2439 1262 2484 3)
1287 2438 1352 2475 Od.
1377 2440 1478 2485 XIX,
1501 2443 1571 2478 482

154 2510 227 2543 seq.
357 2495 396 2537 4)
423 2495 488 2530 Od.
521 2495 611 2539 vll,
636 2507 656 2539 9
675 2507 746 2541 seq.
890 2496 929 2539 5)
956 2495 999 2532 ΙΙ.
1026 2495 1094 2534 VI,
1119 2496 1186 2529 466
1213 2506 1306 2539 seqq·
1341 2494 1398 2531 cll.
1433 2508 1484 2531 vs.
1510 2497 1576 2541 399

151 2565 223 2598 seq.
248 2559 284 2585 et,
306 2550 422 2595 XXII,
446 2551 525 2586 503.
571 2549 747 2584 Phoebum
777 2562 844 2583 non
875 2548 1017 2585 lactavit
1039 2549 1219 2596 (θήσατο)
1255 2549 1406 2596 Latona,
1430 2550 1488 2585 sed
1510 2562 1574 2583 ne·-

155 2614 230 2641 ctar
248 2614 351 2652 atque
377 2604 585 2641 ambrosiam
607 2604 638 2640 ei
661 2603 819 2652 praebuit
840 2604 993 2644 Themis.
1030 2604 1109 2642 Vid.
1125 2604 1421 2651 Hymn.inAph1-.
1446 2617 1494 2642 vs.
1513 2605 1577 2640 225

151 2672 225 2706 seq„
