1780 3120
582 181 1157 235 HOMERICA.
1476 179 1573 236 265

151 316 211 367 tis
245 313 498 382 plurimum
532 314 749 362 intererat
772 326 807 361 ¹.
879 312 976 360 Nec
1009 324 1166 362 tamen
1199 314 1497 379 repugnabo,
1532 319 1578 367 si

129 383 253 448 ¹quis
280 380 475 427 numina
502 380 630 443 signo
658 379 860 445 quodam
892 379 1100 426 futurum
1130 395 1288 442 regem
1323 380 1570 446 aliquando

149 447 325 512 populo
342 443 600 493 creandum
623 444 883 508 designasse
908 444 1159 492 contendat
1177 482 1189 502 ,
1227 456 1497 508 argumento
1517 465 1574 496 ex

150 513 205 559 iis
231 513 378 578 petito
399 548 411 567 ,
433 527 549 576 quae
566 510 721 575 Ulyssi
737 508 955 557 accidisse
974 509 1221 556 traduntur
1244 520 1279 555 2.
1331 511 1573 577 Quidquid

148 577 238 634 sit,
272 575 524 641 plurimum
557 576 606 622 in
644 591 787 639 regno
823 575 1076 623 deferendo
1111 573 1292 623 valebat
1336 577 1539 640 populus
1559 617 1574 638 ‚

144 650 203 689 ut
228 649 421 688 testatur
452 643 597 687 etiam
624 639 920 697 Aristoteles,
957 641 1036 704 qui
1067 657 1207 704 regna
1239 640 1439 688 hero'icis
1456 650 1573 690 tem-

148 706 341 771 poribus
381 705 628 754 constituta
664 705 726 751 ita
759 704 1010 753 describit:
1045 713 1217 769 τέταρτον
1257 704 1295 753 δ’
1317 704 1406 763 εἶδος
1431 729 1572 772 μοναρ-

149 780 238 835 χίας
259 774 485 831 βασιλικῆς,
518 778 558 818 αἱ
591 777 691 817 κατὰ
724 775 804 826 τοὺς
839 775 1018 833 ἡρωϊκοὺς
1054 771 1206 835 χρόνους
1239 777 1401 820 ἑκούσιαί
1433 794 1475 823 τε
1510 780 1574 822 καὶ

150 839 304 901 πάτριαι
334 837 522 900 γενόμεναι
550 841 650 883 κατὰ
684 837 790 897 νέμεν
805 852 815 865 ·
852 837 914 883 διά
935 837 1010 900 γάρ
1033 841 1073 884 τὸ
1102 841 1181 891 τοὺς
1210 844 1374 900 πρώτους
1400 845 1569 901 γενέσθαι

151 912 214 950 τοῦ
247 905 404 956 πλήθους
446 904 638 964 εὐεργέτας
683 902 781 948 κατά
823 910 958 964 τέχνας
987 905 1011 956 ἢ
1039 906 1219 964 πόλεμον,
1251 905 1277 958 ἢ
1306 905 1368 951 &aaz
1397 910 1439 952 τὸ
1461 927 1574 953 συνοι-

136 972 276 1031 ’γαγεῖν
293 1003 308 1026 .,
341 966 365 1022 ἣ
391 975 540 1026 πορίσαι
572 973 702 1031 χώραν
716 1004 728 1026 ,
760 967 937 1030 ἐγίγνοντο
976 971 1144 1026 βασιλεῖς
1186 974 1339 1015 ἑκόντων
1355 1007 1368 1028 ,
1405 971 1572 1036 quibus

148 1041 274 1078 recte
324 1029 455 1078 addit
501 1029 635 1078 Idem
653 1068 667 1090 ‚
722 1038 787 1077 καί
835 1045 906 1086 τοῖς
961 1035 1303 1095 παραλαμβάνσυσι
1350 1039 1496 1099 πάτριοι
1533 1037 1571 1085 3.

149 1096 378 1162 Exempla
408 1096 535 1142 enim
575 1104 622 1142 et
657 1096 918 1144 testimonia
956 1099 1132 1162 passim
1168 1098 1219 1144 in
1254 1099 1450 1147 Homeri
1479 1119 1579 1148 car-

150 1160 358 1209 minibus
414 1160 547 1208 obvia
594 1171 719 1210 sunt.
786 1161 1059 1209 Antilochus
1091 1179 1139 1210 v.
1179 1179 1221 1212 c·
1258 1164 1573 1215 Ithacensium

150 1243 347 1292 regnum
381 1226 661 1275 Telemacho
691 1225 1026 1275 hereditarium
1058 1227 1283 1277 affirmat:

285 1329 296 1342 .
335 1328 346 1339 .
433 1326 446 1338 .
480 1294 504 1338 ἕ
530 1312 580 1339 tce
598 1330 609 1350 ,
644 1293 800 1357 inquit
818 1330 831 1352 ,
862 1296 969 1355 γενεῇ
993 1301 1176 1357 πατρώϊόν
1199 1298 1299 1343 ἐστιν
1321 1296 1360 1344 4.

150 1356 279 1405 Hinc
318 1356 525 1403 Achilles
558 1356 766 1403 Aeneam
803 1357 853 1403 in
896 1374 1091 1421 regnum
1120 1359 1383 1426 Trojanum
1416 1381 1581 1413 succe-

134 1421 299 1470 ‹dendi
337 1438 418 1487 spe
449 1420 703 1468 adductum
734 1439 939 1486 pugnam
977 1440 1137 1472 secum
1181 1426 1338 1473 iniisse
1378 1432 1579 1495 suspica·

153 1496 254 1548 tus,
289 1487 469 1534 etiamsi
494 1503 569 1533 me
613 1488 924 1546 interfeceris,
960 1487 1116 1553 inquit
1140 1525 1152 1549 ,
1188 1507 1284 1538 non
1305 1501 1461 1540 tamen
1493 1496 1580 1544 tibi

153 1553 404 1618 imperium
441 1552 591 1599 tradet
622 1553 834 1598 Priamus
855 1589 866 1610 ,
900 1557 990 1600 εἷσὶν
1017 1555 1092 1617 γάρ
1130 1562 1161 1601 οἱ
1190 1559 1316 1612 παῖδες
1337 1558 1377 1605 5.
1440 1563 1579 1625 Regii

154 1616 334 1682 generis
363 1633 575 1681 magnam
607 1633 769 1663 omnes
807 1617 1036 1665 rationem
1064 1617 1322 1683 habebant,
1358 1625 1485 1691 quod
1521 1642 1580 1675 ex

153 1681 464 1748 AmPhinomi
487 1681 640 1731 verbis
670 1682 816 1747 liquet
841 1681 1065 1730 dicentis:

284 1784 299 1797 .
341 1782 598 1798 ......
634 1750 745 1795 δεινὸν
776 1784 789 1796 .
828 1784 840 1795 .
872 1757 971 1812 γένος
1004 1752 1201 1809 βασιλήϊόν
1219 1758 1300 1803 ἐστι

281 1817 450 1861 Κτείνειν
472 1814 514 1862 ⁶.

154 1879 307 1939 Quam
336 1895 499 1941 regum
535 1877 931 1938 aestimationem,
972 1887 1110 1941 τιμήν,
1146 1899 1307 1932 eorum
1336 1884 1582 1936 hominum

154 1941 353 2008 augebat
375 1942 559 2007 religiO,
594 1960 686 2007 qua
717 1943 942 2009 singulari
970 1961 1048 1992 eos
1086 1947 1164 1996 Zei
1191 1949 1346 2000 favore
1377 1962 1426 2000 et
1459 1963 1583 2002 tute·

152 2007 197 2057 la
224 2017 408 2056 ornatos
439 2007 724 2056 credebant:

1487 2092 1586 2145 Σκη-

200 2180 237 2225 ι)
260 2179 341 2218 vid.
365 2180 429 2217 Od.
455 2179 528 2226 111,
553 2183 620 2217 214
640 2193 736 2228 seqq.
770 2181 853 2228 XV,
878 2183 946 2229 519
970 2195 1065 2231 seqq.
1090 2186 1158 2222 530
1175 2198 1269 2235 seqq.
1303 2196 1339 2226 et
1373 2192 1476 2239 XVI,
1500 2196 1579 2242 575.

153 2235 197 2270 In
220 2236 306 2270 alias
326 2244 441 2282 partes
461 2236 536 2270 abit
568 2235 708 2272 muller.
730 2236 796 2282 Op.
817 2237 840 2274 1.
866 2237 934 2274 vol.
954 2238 982 2274 Ι.
1007 2252 1039 2285 p.
1062 2242 1126 2277 186
1147 2255 1241 2289 seqq.
1341 2245 1382 2291 2)
1407 2247 1470 2284 od,
1495 2249 1582 2296 XV,

152 2291 247 2334 522,
271 2292 352 2328 534.
409 2289 463 2325 Cf.
495 2289 572 2335 ΙΙΙ,
595 2293 674 2327 215.
834 2290 872 2335 5)
898 2292 1003 2330 Polit.
1039 2295 1081 2329 L.
1103 2295 1172 2334 ΠΙ.
1212 2310 1243 2335 c.
1267 2299 1322 2336 14.
1381 2299 1435 2337 Cf.
1469 2301 1582 2340 Thuc.

155 2344 197 2380 Ι..
216 2343 246 2380 Ι.
268 2344 348 2381 init.
516 2345 555 2389 4)
580 2344 645 2381 Od.
678 2344 719 2390 1,
752 2346 829 2391 587.
885 2346 940 2382 Cf.
974 2348 1103 2389 XXIV,
1129 2346 1184 2387 53.
1245 2353 1392 2389 Generis
1419 2354 1584 2392 nobilitas

155 2397 193 2431 in
217 2405 370 2442 posteros
391 2398 587 2443 transibat,
613 2398 702 2432 unde
736 2401 1049 2445 patronymicorum
1081 2404 1116 2438 in
1146 2413 1291 2452 utroque
1320 2407 1465 2443 Homeri
1495 2414 1585 2455 Ροδ-

157 2459 250 2486 mate
274 2464 353 2486 usus
376 2453 612 2500 frequentior,
635 2461 670 2488 et
702 2465 787 2498 quae
819 2453 860 2487 ab
889 2454 1052 2491 heroibus
1084 2459 1187 2493 toties
1219 2461 1367 2506 repetita
1400 2473 1585 2500 occurrunt

158 2507 298 2549 ταύτης
325 2511 452 2551 γενεῆς
478 2509 634 2552 εὔχομαι
660 2503 779 2551 εἶναι,
805 2509 843 2540 ἐκ
865 2512 930 2541 τοῦ
947 2512 1040 2553 φημὶ
1068 2514 1245 2555 γενέσθαι
1274 2515 1408 2561 aliaque
1432 2517 1586 2561 ejusmo-

159 2559 209 2596 di.
258 2560 337 2596 Vid.
371 2560 414 2594 Il.
443 2561 513 2606 VI,
536 2565 622 2607 206,
647 2574 722 2597 211.
757 2561 823 2595 Od·
849 2563 942 2609 XXI,
968 2567 1044 2602 535.
1066 2574 1131 2604 etc.
1250 2569 1290 2612 5)
1317 2569 1359 2603 Il.
1391 2571 1470 2611 XX,
1508 2575 1583 2610 185.

159 2614 197 2657 6)
223 2613 287 2650 Od,
308 2615 406 2659 XVI,
422 2619 486 2650 401
510 2628 601 2662 seqq.
626 2624 660 2650 et
679 2618 757 2652 418.
806 2616 955 2661 Regibus
982 2618 1123 2656 habitae
1148 2623 1360 2659 reverentiae
1387 2628 1584 2662 testimonia

161 2668 197 2701 in
230 2667 338 2702 Iliade
363 2670 460 2714 plura
498 2679 533 2705 et
564 2671 695 2714 majora
734 2682 835 2716 quam
869 2672 904 2705 in
936 2673 1086 2718 Odyssea
1111 2684 1242 2711 exstare
1277 2686 1392 2714 censet
1425 2680 1584 2718 VVachfl-

161 2722 272 2759 muth.
297 2724 362 2769 Op.
380 2724 401 2761 l.
430 2726 492 2763 vol.
517 2722 546 2758 Ι.
574 2738 606 2771 p,
629 2738 684 2771 92-
715 2725 803 2771 quod
830 2726 865 2761 in
893 2726 1033 2763 dubium
1061 2732 1175 2765 vocari
1209 2733 1327 2776 possit.
1527 2734 1531 2739 ”
1556 2725 1563 2729 ’

1193 2780 1222 2817 Ε
