1780 3120
566 151 1142 204 HOMERICA.
1469 153 1564 204 315

274 287 345 336 Ἐν
371 289 410 333 δὲ
439 288 552 347 λιμὴν
576 284 725 349 εὔορμος
741 323 752 343 ,
782 284 829 331 ἵν’
855 287 895 331 εὐ
928 289 1029 346 χρεὼ
1053 291 1251 345 πείσματος
1274 282 1375 332 ἔστιν

287 352 382 399 Ούτ’
407 356 511 405 εὐνὰς
547 355 695 409 βαλέειν
713 389 724 407 ,
758 351 837 398 οὔτε
869 350 1067 413 πρυμνήσι’
1094 356 1261 411 ἀνάψαι,

272 417 380 464 Ἀλλ’
406 421 674 471 ἐπικέλσαντας
698 430 818 479 μεῖναι
847 424 1001 478 χρόνι’),
1040 421 1156 461 εἰσόκε
1184 426 1342 461 ναυτέων

280 487 409 544 Θυμὲς
439 487 613 545 ἐποτρύνῃ
637 519 649 541 ,
686 489 749 529 καὶ
775 486 1035 528 ἐπιπνεύσωσιν
1063 487 1178 533 ἀῆται
1201 490 1234 525 ²,

142 548 238 596 Ubi
271 549 411 612 igitur
443 555 491 602 εἰς
523 552 636 610 ἕρμεν
674 563 844 594 navem
890 547 1028 592 remis
1074 544 1401 610 propulerant,
1449 549 1557 602 εὐνὰς

140 617 386 673 ἐξέβα>,.εν2,
423 613 472 659 id
510 621 602 671 est,
638 612 839 677 lapides,
882 628 994 675 quos
1028 612 1077 656 in
1114 628 1231 657 nave
1273 628 1429 658 secum
1474 612 1560 658 ha-

141 677 343 736 bebant,
381 679 493 725 fune
523 688 575 724 ut
607 680 791 726 videtur
833 681 1012 742 junctos
1045 677 1348 734 emittebant,
1386 676 1554 742 quibus

138 746 267 792 navis
307 746 566 791 firmaretur
604 744 809 808 adeoque
842 742 1005 788 eadem
1040 758 1178 806 opera
1218 753 1560 807 praestaretur,

139 826 276 872 quam
299 807 631 874 posterioribus
668 807 881 872 praebuit
917 824 1096 852 ancora.
1155 807 1272 854 Eam
1297 825 1440 855 naves
1478 825 1563 872 po-

136 873 282 921 nendi
317 874 543 920 rationem
575 882 784 921 accurate
816 873 1112 938 breviterque
1141 871 1272 920 dedit
1295 873 1559 933 Homerus,

1022 939 1040 948 η

134 954 239 985 cum
275 939 475 998 diceret,
509 938 647 1001 ἔψιέτθ
679 943 814 985 εὐνάων
834 946 997 1001 ὸρμίζειν
1021 949 1055 983 0.
1121 937 1161 982 A
1191 955 1349 1003 puppe
1380 948 1563 1003 praete·

133 1020 210 1050 rea
240 1021 378 1052 naves
404 1006 451 1050 in
477 1003 609 1050 litore
641 1002 892 1067 alligabant
925 1002 1135 1060 funibus,
1171 1005 1315 1068 lapidi
1339 1022 1419 1050 seu
1449 1021 1560 1051 saxo

137 1070 329 1117 adnexis
349 1107 361 1128 ‚
407 1070 486 1134 qui
509 1070 644 1116 funes
667 1078 884 1132 πρυμνήσια
905 1068 929 1102 4
961 1068 1150 1133 proprie
1171 1069 1444 1118 dicebantur
1461 1107 1472 1128 ,
1506 1069 1559 1119 id

133 1145 203 1181 est
221 1173 232 1194 ‚
258 1145 305 1182 τοὶ
335 1142 407 1182 ἀπὸ
434 1149 498 1189 τῆς
518 1141 685 1198 πρύμνης
703 1143 848 1194 σχοινία
865 1172 877 1192 ,
910 1136 960 1187 οἷς
986 1137 1161 1195 ὃεσμοῦσι
1191 1141 1259 1189 τὴν
1289 1147 1375 1182 ναῦν
1397 1142 1458 1184 ἐπὶ
1489 1150 1556 1192 τῆς

133 1214 200 1263 γῆς
222 1207 258 1247 έν
287 1210 408 1265 πέτρᾳ
430 1203 454 1255 ἢ
476 1206 618 1262 τοιούτῳ
643 1209 714 1247 τινί
733 1200 771 1249 5.

196 1265 235 1329 §.
270 1265 318 1312 6.
384 1265 483 1312 Ubi
509 1281 615 1311 vcro
648 1267 696 1312 in
727 1263 890 1312 eodem
918 1265 1022 1314 loco
1060 1266 1235 1315 diutius
1262 1283 1551 1315 commoran-

132 1329 180 1377 di
207 1333 386 1378 animus
415 1331 512 1377 e'rat
539 1330 611 1377 vel
650 1335 901 1378 necessitas
922 1370 932 1389 ,
968 1334 1018 1379 in
1061 1343 1233 1380 terram
1265 1349 1405 1380 naves
1438 1332 1547 1379 sub-

132 1396 301 1443 ducere
326 1396 566 1455 solebant,
600 1396 656 1443 e'rt'
683 1403 839 1459 ἡττειζεειο
863 1398 1029 1460 ’ἐρυσςαν
1067 1405 1156 1461 ὑψοῦ
1199 1406 1259 1445 ε’πί
1288 1404 1471 1461 ψαμάθοις
1495 1399 1516 1433 5
1534 1434 1548 1457 ‚

128 1472 174 1507 et
203 1462 446 1508 subductis
473 1467 624 1519 ἕρματα
653 1470 784 1525 μακροὶ
818 1469 1074 1522 ύπετοὶνυσαν,
1108 1465 1158 1511 id
1200 1473 1293 1522 est,
1338 1464 1480 1511 fulcra
1509 1481 1547 1512 s.

127 1529 377 1574 statumina
435 1526 746 1590 subjiciebant
771 1564 784 1584 ‚
828 1545 887 1574 ne
939 1529 1134 1576 humore
1193 1546 1549 1594 corrumperen-

129 1602 232 1650 tur,
267 1609 360 1638 neu
387 1592 632 1649 fluctibus,
667 1610 775 1639 cum
799 1604 1147 1652 excrescerent,
1180 1595 1281 1642 loco
1311 1605 1464 1641 motae
1494 1596 1543 1642 in

126 1674 254 1704 nial-e
295 1667 418 1704 retro
454 1657 787 1706 delaberentur
812 1669 846 1705 7.
917 1661 1021 1720 Quo
1065 1669 1229 1707 autem*
1250 1659 1461 1715 facilius,
1496 1662 1545 1708 in

124 1721 258 1771 litore
285 1725 555 1787 praesertim
591 1722 764 1781 arduo,
799 1741 941 1771 naves
976 1724 1290 1772 subducerent
1317 1736 1361 1772 et
1392 1725 1542 1772 dedu-

127 1797 316 1844 cerent,
350 1789 516 1834 fossam
535 1825 548 1846 ‚
580 1793 680 1851 οὐρὰν
703 1789 754 1846 8,
785 1788 1048 1848 fodeibant‚
1083 1809 1173 1856 qua
1206 1791 1444 1838 traherent
1474 1809 1546 1838 ra-

128 1863 211 1899 tes.
283 1856 411 1912 Quae
436 1854 552 1901 fossa
577 1854 749 1899 sensim
786 1855 1049 1920 sensimque
1083 1873 1229 1903 coeno
1267 1874 1360 1903 non
1403 1856 1542 1905 obrui

124 1935 221 1967 non
240 1928 421 1984 poterat
439 1956 451 1976 ,
490 1928 542 1966 ut
571 1927 676 1983 post
699 1918 885 1984 aliquod
912 1930 1095 1985 tempus
1126 1921 1290 1968 eadem
1309 1959 1321 1979 ‚
1349 1923 1438 1969 nisi
1461 1923 1540 1969 de·

123 2000 219 2030 nuo
262 1993 478 2049 purgata,
526 1986 594 2031 uti
625 2001 720 2029 non
755 1995 962 2048 possent.
1040 1986 1166 2034 Hinc
1210 1997 1279 2033 est
1319 1987 1445 2052 quod
1483 1988 1542 2035 de

62 2076 66 2080 »
121 2049 304 2097 Achivis
326 2089 337 2108 ,
372 2050 564 2096 domum
592 2048 745 2095 redire
780 2051 1072 2115 parantibu3‚
1110 2053 1279 2100 cecinit
1302 2054 1472 2100 Poeta:

250 2150 470 2165 .....
500 2140 520 2164 ·.
557 2149 572 2164 .
609 2152 619 2161 .
652 2121 706 2161 τεί
742 2113 780 2160 δ’
813 2120 1004 2170 ἀλλήλοισι
1036 2122 1179 2165 κέλευον

1428 2188 1540 2232 Ἀπ-

166 2308 202 2352 ι)
226 2309 289 2345 od.
317 2309 385 2353 lx,
410 2311 474 2346 156
502 2322 599 2356 seqq.
728 2312 767 2356 2)
795 2313 874 2350 vid.
902 2310 946 2350 Il,
968 2312 1005 2356 Ι,
1029 2314 1110 2349 436.
1143 2313 1210 2348 od.
1245 2313 1331 2359 XV,
1354 2315 1432 2359 497.
1480 2313 1536 2353 Cf·

117 2363 257 2397 omnino
279 2364 429 2400 Nitzscb.
451 2364 493 2398 ad
516 2365 579 2401 Od.
600 2364 659 2408 ΙΙ,
683 2367 752 2401 414
772 2379 864 2413 seqq.
982 2367 1019 2410 5)
1044 2366 1192 2412 11.X1v,
1217 2382 1270 2414 77.
1387 2368 1427 2412 4)
1454 2368 1536 2409 vid.
1569 2362 1573 2368 ¹

118 2416 162 2453 Il.
187 2417 226 2461 I,
249 2420 329 2455 456.
353 2419 416 2455 od.
431 2419 480 2464 X,
505 2422 562 2465 96.
585 2419 669 2453 XIII
685 2448 694 2466 ‚
716 2434 771 2467 77.
864 2421 902 2465 5)
928 2421 983 2456 Ita
1006 2421 1249 2468 Moschopulus
1274 2421 1316 2455 ad
1337 2421 1433 2466 ILI,
1453 2424 1535 2463 436.

119 2472 158 2516 6)
184 2471 265 2506 vid.
290 2472 386 2518 11.1,
409 2475 476 2510 485
492 2487 564 2520 seq.
612 2474 668 2510 cf.
689 2475 754 2508 od.
777 2474 848 2519 1v,
872 2478 951 2512 426.
977 2476 1077 2521 xvi,
1099 2478 1179 2522 559.
1282 2476 1319 2522 7)
1346 2476 1427 2514 vid.
1443 2477 1484 2514 11.
1500 2478 1533 2525 Ι,

120 2528 200 2563 486.
225 2526 282 2566 II,
307 2530 383 2564 154.
409 2536 444 2563 et
466 2529 571 2573 xlv,
595 2530 672 2564 410.
701 2541 733 2574 q.
756 2528 782 2566 l.
802 2529 963 2563 dicuntur
987 2530 1134 2574 ἔχματα
1160 2531 1266 2574 νηῶν.
1383 2530 1422 2575 8)
1448 2531 1532 2571 Vid.

117 2579 161 2616 Il.
188 2579 224 2615 II
239 2609 248 2625 ,
274 2583 350 2618 153.
370 2583 412 2617 ad
434 2595 468 2630 q.
489 2583 516 2620 l.
544 2583 614 2619 vid.
635 2582 750 2620 Schol.
774 2591 809 2618 et
836 2583 982 2629 Interpr‚
1030 2584 1087 2619 Cf.
1107 2584 1227 2631 Kopke
1248 2585 1315 2630 Op.
1339 2584 1364 2621 l.
1387 2597 1422 2630 p.
1452 2588 1532 2632 159.

119 2633 257 2672 Passov.
285 2635 321 2670 in
339 2649 371 2674 v.
393 2638 512 2684 οὐράς.
557 2637 712 2682 Κὸρρευ.
732 2638 775 2671 ad
800 2637 843 2674 11.
862 2637 886 2674 1.
905 2638 930 2674 1.
957 2637 993 2672 in
1009 2638 1078 2672 alia
1101 2638 1217 2672 omnia
1239 2638 1340 2684 abit,
1363 2651 1439 2675 cum
1463 2641 1530 2675 οὐ-

116 2687 222 2735 ρούς,
245 2691 292 2723 τὰ
319 2687 461 2738 ἕρματα
481 2699 516 2728 et
543 2693 804 2739 ἐκκαθαίρειν,
827 2691 962 2728 auferre
990 2692 1252 2738 interpretatur.
