1780 3120
207 130 311 183 ⁶252
603 121 1293 189 ANTIQUITAS'

348 294 615 310 ......
646 258 748 308 ’ἔοικα
779 261 820 307 δέ
836 295 850 317 ,
882 259 1061 328 inquit,
1093 280 1147 309 τοι
1173 261 1386 325 παραείδειν

331 332 459 376 Ὥστε
481 329 553 390 θεῷ
575 337 615 374 ².'

214 395 288 443 De
307 394 446 442 caede
468 390 807 455 Agamemnoni
836 409 862 438 a
882 389 1246 456 Clytaemnestra
1271 392 1395 440 illata
1416 404 1464 452 2,
1491 391 1633 441 item-v

212 479 302 527 que
345 459 403 506 de
435 459 600 505 Oreste
639 466 836 503 matrem
872 465 918 502 et
958 457 1221 504 adulterum
1264 459 1562 507 interimente
1606 477 1633 507 a

212 526 410 593 posteris
440 532 675 569 cantatum
704 522 761 569 iri
787 523 851 569 ait
880 521 1149 584 Homerus:

345 595 503 638 Οἴσουσι
531 593 632 642 κλέος
656 591 741 651 εὐρὺ
773 593 838 634 καὶ
871 592 1117 649 ἐσσομένοισιν
1148 588 1272 641 ἀοιδήν
1293 588 1335 636 5.

217 658 346 705 Haec
387 665 434 702 et
466 653 632 701 similia
666 651 811 716 βροτῶν
847 656 1050 716 θελκτήρια
1080 653 1313 700 canebant
1357 658 1489 704 ἀοιδοίε
1525 654 1638 703 hinc

213 724 326 788 ipsis
366 722 517 776 fama,
559 719 833 766 existimatio
872 727 919 764 et
966 720 1230 766 auctoritas,
1305 720 1536 787 Ejusdem
1573 729 1641 768 ta-

215 807 328 836 men
361 787 565 834 musicae
606 793 860 849 cantusque
894 784 990 830 vim
1018 802 1119 831 eam
1174 795 1405 832 noverant
1447 786 1641 843 Graeci,

212 872 356 922 quam
385 855 436 899 in
454 850 735 898 afflictorum
764 850 942 897 animos
974 849 1146 897 habere
1184 848 1319 900 solet.
1380 852 1479 899 Ubi
1513 853 1643 899 enim

219 928 443 983 cognatos
474 925 555 962 aut
586 915 759 961 amicos
801 915 895 960 sato
929 915 1096 962 acerbo
1127 914 1220 962 sibi
1254 925 1438 980 ereptos
1481 917 1646 980 lugen-

218 993 286 1032 tes
335 980 694 1038 desiderabant,
737 996 899 1027 eorum
954 981 1136 1029 meritis
1193 982 1397 1027 carmine
1447 984 1641 1047 (θρήνοις)

220 1048 494 1097 extollendis
529 1046 741 1094 tristitiae
790 1043 1008 1092 solatium
1065 1043 1352 1112 quaerebant
1401 1055 1448 1094 et
1489 1046 1649 1095 mede·

218 1116 314 1165 lam
336 1117 375 1166 4.

461 1471 809 1522 CAPUT
891 1470 1410 1536 QUINTUM.

697 1622 767 1666 nii:
811 1634 1190 1670 SALTATioNE.

295 1811 334 1873 ξ.
376 1829 416 1859 1.
484 1779 728 1857 Musicae
747 1808 997 1872 cantuique
1024 1806 1173 1855 affinis
1206 1815 1273 1854 est
1305 1806 1511 1870 saltatio,
1539 1827 1658 1878 quae

229 1876 500 1942 saepissime
554 1874 615 1921 ab
659 1874 868 1921 Homero
930 1876 1275 1937 coniunguntur
1311 1882 1358 1920 et
1412 1893 1438 1922 a
1492 1888 1659 1926 natura

234 1945 490 1990 arctissimo
537 1939 721 1986 vinculo
783 1956 992 1986 connexa
1045 1939 1234 1985 fuerunt
1267 1976 1279 1996 ‚
1332 1941 1394 1986 ita
1451 1952 1503 1989 ut
1560 1961 1662 1990 cor-

231 2010 360 2075 poris
408 2015 539 2054 motu
582 2014 630 2052 et
675 2006 798 2052 vocis
844 2004 1165 2070 modulatione
1220 2006 1534 2069 exprimerent
1585 2026 1663 2068 ea,

233 2092 352 2142 quae
383 2073 587 2122 musicae
618 2088 704 2138 ope
739 2071 790 2119 in
818 2070 1081 2119 auditorum
1117 2069 1283 2117 animis
1325 2072 1558 2121 excitabat
1585 2084 1661 2121 ἀει-

1569 2143 1659 2201 δῧς,

280 2284 320 2329 1)
345 2284 413 2320 Od.
435 2283 553 2328 XXII,
577 2285 655 2320 548.
703 2285 779 2319 Non
807 2284 879 2319 vidi
916 2283 1013 2332 (ejus
1040 2281 1134 2328 loci)
1168 2283 1382 2329 versionem,
1419 2285 1536 2332 inquit
1567 2283 1660 2319 Mer·

238 2339 459 2375 casaubonus
480 2367 490 2384 ,
522 2338 563 2372 de
604 2351 735 2385 nupera
768 2340 914 2374 Homeri
943 2338 1097 2373 editione
1132 2345 1198 2372 etc.
1241 2338 1392 2376 Dissert.
1426 2352 1459 2385 p.
1486 2342 1554 2384 50,
1578 2341 1657 2383 51„

238 2407 326 2441 quae
350 2394 438 2428 mihi
459 2393 654 2428 satisfaciat
671 2421 680 2437 ,
705 2401 740 2428 et
765 2394 893 2440 absque
924 2392 1112 2427 Eustathio
1147 2393 1182 2426 in
1210 2393 1369 2438 ambiguo
1400 2394 1544 2429 sortasse
1577 2401 1666 2428 esset

237 2450 374 2494 egregia
405 2449 588 2484 sententia.
633 2447 706 2482 IIoc
739 2457 855 2484 autem
883 2447 993 2482 voluit
1024 2447 1189 2481 Phemius
1213 2447 1326 2482 dicere
1363 2450 1427 2496 (ut
1458 2448 1665 2484 Eustathius

240 2504 402 2549 exponit,
427 2511 462 2537 et
481 2501 584 2536 verba
608 2501 683 2547 ipsa
701 2502 802 2538 fidem
825 2503 980 2546 faciunt)
1013 2514 1048 2536 se
1074 2502 1110 2536 in
1132 2501 1197 2536 hoe
1225 2513 1286 2535 suo
1323 2502 1525 2538 discrimine
1558 2503 1667 2548 Ulys-

241 2570 313 2593 sem
348 2565 502 2604 spectare
535 2565 714 2602 tamquam
759 2566 972 2605 praesentem
1005 2556 1129 2592 Deum.
1190 2555 1244 2592 Cf.
1290 2556 1454 2597 Eustath.
1491 2558 1545 2594 ad.
1582 2557 1607 2593 l.
1638 2557 1664 2591 l.

241 2612 280 2655 2)
305 2612 388 2646 Vid.
421 2612 487 2652 Od.
511 2611 643 2655 XXIV,
670 2624 732 2659 199
765 2626 835 2659 seq.
863 2621 914 2647 est
942 2618 1056 2645 autem
1087 2612 1244 2656 στυγερὴ
1277 2610 1401 2657 ἀοιδή.
1527 2613 1566 2659 3)
1599 2611 1665 2650 Od.

242 2665 319 2714 111,
342 2669 422 2706 204.
558 2665 599 2713 4)
626 2666 706 2705 vid.
743 2668 784 2706 L.
803 2668 833 2706 1.
867 2680 898 2707 c.
921 2680 974 2704 12.
1013 2667 1045 2711 ᾗ.
1064 2666 1099 2703 5.
