1780 3120
176 159 278 225 {1⁴18
530 160 1222 225 'ANTIQUITAS

170 297 320 357 filius,
353 294 546 344 absente
571 292 813 355 Briseide,
849 312 960 343 cum
990 294 1219 345 Diomeda
1238 334 1250 355 ‚
1285 295 1451 345 Lesbia
1484 314 1593 347 mu-

169 362 310 421 liere,
356 378 458 409 rem
498 359 661 408 habuit
684 399 697 419 ‚
744 369 798 407 ut
835 378 944 408 cum
982 361 1092 425 Iphi
1133 363 1373 410 Patroclus
1393 402 1405 421 ‚
1454 381 1595 429 quam

173 430 316 491 Scyro
358 436 617 492 expugnata
663 426 895 490 captivam
922 442 1080 474 secum
1108 426 1302 474 duxerat
1327 429 1527 478 Achilles
1553 443 1589 479 1.

172 493 390 553 Nestori,
427 494 589 550 Oileo,
625 491 899 549 Telamoni,
944 492 1194 551 Phoenici,
1231 494 1328 541 aliis
1362 513 1467 542 suae
1494 497 1594 543 fue-

169 570 282 606 runt
311 560 538 617 feminae,
574 558 683 604 lecti
727 558 876 604 sociae
900 569 935 603 2.
1006 559 1154 604 Erant
1189 567 1345 605 autem
1390 561 1484 608 sere
1513 570 1592 609 aut

168 624 295 672 bello
345 633 503 687 captae
553 633 630 670 aut
675 625 825 687 pretio
876 633 1187 686 comparatae.
1273 625 1331 670 In
1368 625 1440 671 his
1482 630 1593 674 Les-

164 689 272 738 biae
316 690 531 737 mulieres
553 728 564 750 ‚
608 705 724 756 quae
760 691 810 737 in
850 690 1214 753 Agamemnonis
1255 691 1456 737 tentorio
1494 708 1596 740 ver·

166 765 289 804 satae

300 857 310 868 .
348 859 360 869 .
397 859 409 869 .
449 857 463 870 .
596 854 611 868 .
649 857 662 869 .
694 824 822 867 κοὶ).).ει
848 824 972 867 ἐνίκων
1003 825 1101 885 φῦλα
1127 833 1310 885 γυναικῶν
1332 822 1369 868 5.
1402 854 1405 857 ·

168 886 528 951 Megapenthem
550 886 755 950 suscepit
781 885 1022 932 Menelaus

293 952 365 998 Ἐκ
387 957 536 1006 &ramg-
570 953 702 1010 Ἑλένῃ
726 953 764 997 δὲ
795 957 865 997 θεοῖ
885 959 984 1012 γόνον
1014 954 1079 997 οὐκ
1099 950 1152 998 ἔτ’
1175 950 1318 1016 ἔφαινεν
1340 951 1379 999 4.

163 1017 437 1065 Cretensem
461 1035 571 1064 cum
598 1016 837 1062 simularet
863 1016 1051 1079 Ulysses

289 1118 551 1132 ......
587 1087 654 1144 ἐμὲ
684 1083 741 1141 δ’,
778 1082 961 1146 inquit,
995 1087 1116 1136 ὠνητὴ
1147 1087 1230 1128 τέκε
1259 1088 1388 1145 μήτηρ

286 1152 486 1203 HocHoe-mg
508 1149 546 1197 5.

221 1214 263 1279 ξ.
303 1233 346 1261 2.
413 1215 488 1262 Ab
526 1213 746 1261 uxoribus
770 1212 986 1277 legitimis
1014 1227 1148 1273 aegre
1179 1220 1339 1257 tamen
1366 1212 1583 1260 admitte-

155 1279 330 1329 bantur
355 1281 585 1343 ejusmodi
621 1281 788 1326 sociae.
855 1277 1104 1324 Phoenicis
1141 1286 1341 1323 matrem
1383 1280 1583 1343 exempli

156 1346 300 1408 gratia
345 1349 508 1393 citasse
544 1345 777 1405 sufficiat,
824 1359 943 1408 quae
988 1342 1144 1389 mariti
1184 1342 1403 1407 pellicem
1444 1360 1580 1393 exosa

153 1411 306 1458 filium

283 1513 298 1528 .
335 1493 354 1527 ἶ
439 1513 450 1523 .
486 1510 502 1527 0
539 1514 552 1525 .
589 1514 602 1525 .
640 1514 652 1526 .
686 1481 764 1523 αἰὲν
799 1511 811 1521 .
850 1509 864 1521 .
905 1513 916 1522 .
949 1479 1163 1522 λισσέσκετο
1191 1479 1356 1537 γούνων,

282 1547 497 1591 Humani&
523 1555 776 1606 προμιγῆναι,
807 1543 855 1587 ἵν’
874 1545 1045 1604 έχθῄρειε
1071 1548 1223 1604 γέροντα
1245 1540 1282 1587 6.

152 1608 362 1657 Phoenix
388 1610 515 1655 enim
543 1608 764 1672 pellicem

281 1706 594 1724 .......
631 1676 815 1737 φιλέεσκεν
829 1707 840 1727 ,
876 1672 1106 1729 ἀτιμάζεσκε
1126 1669 1164 1715 δ’
1185 1669 1321 1716 ἅκειτιν
1343 1682 1383 1718 7.

150 1739 306 1799 Quam
332 1739 487 1785 uxoris
527 1754 635 1784 suae
673 1740 844 1803 justam
886 1734 1261 1797 indignationem
1303 1736 1366 1782 ita
1404 1736 1574 1783 veritus

149 1814 219 1851 est
243 1806 456 1859 Laertes,
495 1813 548 1850 ut
571 1820 678 1849 cum
713 1799 944 1865 Euryclea
963 1838 975 1859 ,
1011 1816 1145 1848 serva
1173 1799 1263 1864 ipsi
1304 1803 1537 1848 carissima
1557 1839 1569 1861 ,

148 1886 250 1916 rem
279 1869 452 1916 habere
479 1885 576 1915 non
604 1865 816 1914 auderet.

278 1939 385 1998 Εύνῇ
409 1938 529 1982 οὔποτ’
560 1937 710 1995 ἔμικτο,
746 1936 853 1992 χόλον
879 1933 915 1978 δ’
934 1935 1072 1978 ἀλέεινε
1105 1938 1272 1996 γυναικός
1294 1930 1332 1978 3.

146 2000 190 2048 A
221 2000 439 2065 Troianis
469 2015 652 2064 quoque
686 1997 877 2062 pellices
919 1996 1118 2045 adscitas
1160 2014 1258 2044 esse
1278 2033 1289 2053 ‚
1324 1995 1397 2044 vel
1430 1998 1569 2045 unius

145 2066 345 2133 Trojani
385 2067 504 2129 regis
540 2062 756 2128 exemplo
790 2061 1072 2125 intelligatur
1097 2101 1109 2123 ‚
1138 2064 1218 2129 qui
1243 2078 1338 2108 non
1364 2063 1445 2108 uni
1470 2073 1571 2110 tan-

147 2141 251 2178 tum
307 2130 513 2177 Helenae
566 2129 650 2176 sed.
701 2128 803 2174 aliis
853 2129 1125 2176 mulieribus
1166 2144 1305 2194 quam
1350 2126 1568 2191 plurimis

146 2213 304 2243 amore
346 2213 394 2242 se
437 2196 640 2262 junxisse
673 2193 898 2252 traditur,
946 2210 1002 2240 ex
1035 2194 1203 2260 quibus
1231 2193 1565 2258 quinquaginta

147 2262 269 2309 filios
333 2279 439 2308 cum
493 2267 610 2316 νάπας
662 2269 764 2306 tum
825 2268 993 2322 γνησίους
1044 2259 1313 2325 susceperit.
1394 2259 1564 2307 Achilli

147 2328 275 2375 enim
301 2326 416 2373 haec
448 2326 506 2373 de
535 2344 582 2373 se
616 2327 715 2390 ipae
755 2333 911 2372 narrat
935 2326 1173 2373 Priamus:

290 2396 528 2447 Πεντήκοντᾰι
550 2414 611 2454 ‘uu
636 2392 733 2446 ἦσαν
751 2428 764 2451 ,
796 2389 850 2437 ἐἶ’
878 2391 1008 2446 ἤλυθον
1039 2393 1110 2446 υἷες,
1145 2389 1330 2453 Ἀχαιῶν.

1471 2454 1566 2502 Ἑν-

188 2578 228 2624 1)
251 2578 337 2616 Vid.
360 2578 404 2614 Il·
424 2577 495 2624 IX,
520 2581 587 2615 660
607 2591 702 2623 seqq.
815 2575 855 2622 2)
880 2576 961 2621 vid,
982 2576 1026 2614 Il.
1048 2576 1159 2623 VIII,
1182 2577 1248 2611 285
1269 2587 1366 2622 seqq.
1389 2576 1470 2621 XV,
1495 2577 1564 2611 333

143 2645 215 2678 seq.
239 2633 285 2668 al·
434 2632 472 2676 5)
498 2632 541 2670 Il.
566 2633 632 2677 IX,
658 2635 734 2668 150.
769 2630 828 2668 cll.
851 2645 898 2665 vs·
926 2645 1001 2678 sup,
1149 2631 1188 2675 4)
1211 2629 1277 2665 Od-
1299 2629 1373 2676 IV,
1400 2643 1436 2665 11
1466 2643 1562 2676 seqq·

144 2687 189 2721 ad
207 2700 241 2731 q.
263 2687 289 2724 l.
313 2687 415 2721 adeas
436 2687 586 2723 Nitzsch.
703 2687 742 2731 5)
767 2687 833 2722 od.
856 2686 932 2720 XIV
947 2715 955 2731 ,
980 2699 1045 2722 202
1059 2697 1131 2730 seq·
1252 2684 1291 2727 6)
1317 2684 1357 2720 Il.
1377 2685 1454 2730 XX,
1478 2687 1559 2721 452.

145 2739 277 2786 juvenis
298 2742 432 2776 seilicet
449 2754 566 2777 amore
586 2749 698 2789 capta.
779 2740 817 2786 7)
844 2739 886 2777 ll.
911 2740 950 2778 L.
971 2742 999 2779 Ι.
1021 2753 1074 2779 vn.
1093 2742 1172 2777 «50.
1265 2738 1304 2784 8)
1329 2738 1392 2776 Od.
1415 2739 1456 2786 1,
1480 2742 1558 2777 ωδε.
