1780 3120
193 171 258 223 Q
569 172 1249 240 ANTIQUITAS

259 305 298 369 ξ.
334 306 379 354 5.
458 306 704 373 Extispieii
747 307 935 356 nullum
952 348 964 371 ‚
1022 321 1247 376 quantum
1291 304 1511 370 memini,
1555 312 1607 359 in

190 369 389 420 Homeri
415 373 697 421 carminibus
721 375 993 439 exemplum
1021 376 1270 425 invenitur.
1338 378 1502 442 Neque
1544 386 1612 424 ta-

192 452 307 484 men
323 437 492 485 desunt
515 476 528 498 ,
561 440 643 504 qui
668 439 906 505 extispicio
936 441 1120 489 heroica
1148 450 1293 489 aetate
1321 441 1477 490 locum
1494 443 1608 489 fuis-

193 517 243 550 se
287 513 334 551 et
377 507 490 568 ἱερῆες
532 504 724 551 nomine
790 507 1062 571 extispicem
1100 526 1126 554 a
1165 509 1310 556 Poeta
1362 508 1608 572 significari

192 569 491 617 contendant.
540 570 645 629 Quo
669 570 877 618 referunt
905 572 959 620 Il.
989 573 1123 620 Libr.
1142 574 1180 619 I.
1213 591 1280 621 vs.
1303 572 1384 622 62.

384 636 486 680 Ἀλλ’
513 633 583 697 ἆγε
616 639 662 690 δή
685 657 768 684 τινα
795 646 928 699 μοὶντιν
956 644 1116 703 ἐρείομεν
1144 637 1167 694 ἥ
1196 646 1321 703 ἱερῆα.

190 706 237 746 et
264 698 393 746 Libr.
419 699 600 748 XXIV.
636 718 704 749 VS.
731 718 841 753 221.

531 801 542 812 .
576 773 610 814 οἳ
631 776 780 829 μάντιές
805 774 900 824 εἶσι,
946 773 1128 828 θυοσκόοι,
1162 769 1185 823 ἢ
1220 775 1352 832 ἱερῆες.

184 830 262 879 'Ad
307 847 449 897 quem
491 848 675 880 versum
719 834 988 881 Eustathius
1034 851 1091 880 ex
1129 843 1342 882 veterum
1378 833 1606 883 sententia

188 897 282 944 duo
310 913 478 961 genera
502 908 670 959 μάντεων
691 901 911 947 constitui
936 899 1158 957 affirmat,
1187 905 1374 954 θυοσκόους
1392 938 1403 959 ,
1439 905 1518 954 τοὺς
1547 902 1609 946 διὰ

187 974 261 1010 τῶν
307 965 606 1025 ἐπιθυμιωμένων
647 974 959 1027 μαντευομένους,
1003 964 1056 1012 id
1096 973 1191 1023 est,
1240 967 1530 1028 ε’μπυρομοίντεις
1567 982 1606 1011 s.

182 1031 493 1090 λιβανομάντειςῑ
530 1040 578 1078 et
612 1038 763 1094 ἱερῆας,
796 1034 876 1084 τοὺς
905 1033 967 1078 διὰ
989 1032 1240 1094 σπλάγχνων,
1275 1031 1356 1094 qui
1381 1048 1437 1077 ex
1463 1031 1608 1076 visce-

182 1093 314 1142 ribus
352 1103 398 1141 et
442 1095 559 1142 extis
599 1095 752 1143 futura
790 1096 1092 1162 praevident,
1137 1112 1252 1160 quos
1289 1095 1376 1141 alio
1412 1096 1608 1142 nomine

181 1166 409 1223 ἱεροσκόπους
434 1160 590 1208 vocari
617 1162 774 1208 refert.
843 1161 915 1208 De
936 1161 1106 1228 quibus
1129 1171 1287 1209 tamen
1316 1161 1380 1208 ita
1408 1169 1607 1207 statuere

181 1225 367 1285 malim,
403 1234 457 1272 ut
482 1231 641 1274 θυοσκόοι
662 1227 901 1285 dicantur,
929 1228 1010 1291 qui
1037 1229 1083 1274 ἐκ
1104 1242 1176 1272 τῶν
1199 1232 1402 1289 Θυομένων,
1437 1225 1487 1272 id
1507 1235 1608 1282 est,

182 1308 240 1338 ex
274 1290 515 1351 omnibus,
550 1309 667 1358 quae
691 1294 743 1339 in
771 1293 1012 1340 sacrificiis
1044 1292 1328 1340 observanda
1361 1289 1608 1350 venerint,

179 1356 492 1406 vaticinantur
516 1368 550 1402 ².

247 1422 288 1486 ξ.
321 1421 370 1472 6.
435 1422 626 1471 Praeter
650 1421 766 1470 haec
801 1422 1010 1471 solebant
1044 1424 1129 1472 alia
1167 1438 1352 1490 quoque
1385 1419 1606 1485 supersti-

181 1487 302 1534 tiose
331 1505 356 1533 a
377 1487 564 1535 Graecis
592 1487 838 1536 observari.
907 1490 966 1536 In
991 1488 1063 1537 his
1084 1490 1356 1538 sternutatio
1373 1523 1385 1546 ,
1421 1487 1479 1533 de
1513 1503 1606 1553 qua

180 1552 239 1601 ad
275 1554 531 1599 Eumaeum
567 1554 830 1620 Penelope,

244 1622 337 1681 Οὐχ
364 1621 500 1682 ὁροὲας,
534 1618 685 1683 inquit
703 1658 714 1678 ,
747 1622 766 1668 Ξ
788 1641 849 1682 μοι
870 1624 944 1675 υἱὸς
972 1620 1158 1683 ἐπέπταρε
1188 1630 1302 1667 πᾶσιν
1320 1616 1476 1664 ἐ’πεσσιν
1497 1630 1535 1666 2.

180 1684 286 1744 Quo
315 1684 438 1731 velut
463 1686 746 1749 prosperiori
786 1686 941 1733 omine
974 1702 1110 1733 suum
1148 1684 1206 1731 de
1240 1699 1486 1751 procorum
1507 1698 1604 1729 cae-

179 1749 238 1797 de
274 1759 437 1799 votum
478 1751 744 1801 confirmari
768 1751 1029 1797 existimat:

313 1819 382 1877 Τῷ
413 1835 454 1861 κε
486 1822 550 1862 καὶ
574 1819 638 1862 οὐκ
672 1821 805 1871 ἀτελὴς
833 1820 986 1869 Θάνατος
1018 1826 1230 1879 μνηστῆρσι
1257 1822 1390 1878 γένοιτο

310 1884 418 1930 Ham
440 1882 535 1944 μαλ’
550 1917 564 1941 ,
598 1883 678 1932 οὐδέ
709 1902 752 1930 κε
782 1903 836 1937 τις
865 1883 1020 1929 θάνατον
1049 1887 1114 1929 καὶ
1144 1894 1264 1945 κῆρας
1283 1882 1408 1936 ἀλυξοι
1430 1882 1471 1940 5⁰.

1473 2272 1511 2321 C
1544 2275 1602 2324 A·

229 2407 263 2453 1)
287 2406 339 2442 De
366 2407 532 2450 θυοσκόῳ
564 2407 633 2444 vid.
668 2407 732 2444 Od.
750 2405 844 2450 XXI,
870 2407 936 2441 145
958 2419 1050 2453 seqq.
1084 2406 1124 2440 de
1158 2417 1223 2451 qua
1249 2417 1278 2442 v.
1306 2405 1473 2451 quaedam
1493 2400 1600 2441 habet

180 2463 330 2498 Nitzsch.
353 2462 395 2496 ad
415 2461 478 2497 Od.
498 2461 572 2507 ΙΙΙ,
596 2464 676 2508 459.
723 2462 776 2498 Cf.
809 2461 857 2495 ibi
877 2460 967 2498 laud.
998 2469 1088 2497 auct.
1136 2462 1180 2495 At
1212 2461 1356 2496 Leiodes
1374 2490 1383 2507 ,
1414 2473 1595 2507 procorum

178 2519 384 2563 θυοσκόος,
423 2529 443 2551 a
476 2516 554 2550 Diis
580 2530 619 2550 ne
652 2517 786 2563 Ulysses
812 2515 944 2550 rediret
971 2517 1127 2562 precibus
1159 2516 1311 2559 flagitare
1347 2517 1492 2552 solebat.
1529 2515 1594 2552 Od.

172 2573 286 2617 xxn,
312 2575 388 2608 522.
435 2571 535 2613 Quod
556 2583 650 2606 meae
676 2571 864 2606 sentcntiae
886 2583 951 2604 non
973 2579 1150 2616 repugnat.
1198 2571 1292 2613 Quae
1316 2572 1405 2606 euim
1434 2581 1595 2616 prospera

173 2635 335 2661 eventura
346 2627 572 2671 providisset,
598 2639 614 2659 a
628 2626 705 2662 Diis
725 2626 875 2673 precari,
900 2637 985 2670 quae
999 2627 1136 2659 adversa
1153 2626 1471 2663 animadvertisset,
1489 2637 1591 2658 ave?-

176 2681 311 2715 runcari
332 2694 385 2714 res
406 2682 478 2727 ipsa
497 2680 643 2718 ferebat.
807 2680 844 2724 ιι)
870 2681 935 2718 Od.
960 2680 1079 2726 AVH,
1103 2682 1182 2715 5115.
1347 2680 1385 2726 5)
1411 2680 1475 2715 Οὐ.
1501 2680 1541 2715 L.
1565 2676 1589 2711 l-

173 2749 186 2769 x
195 2750 222 2773 s.
248 2738 313 2770 „5³26
336 2748 407 2781 seq.
