1780 3120
187 130 251 180 56
563 128 1242 192 ANTIQUITAS

198 275 341 324 eaque
377 260 428 307 in
477 260 678 307 tentorio
716 260 880 324 reponi
922 263 1089 324 iussit,
1139 274 1192 312 ut
1228 282 1336 326 mox
1379 285 1487 314 cum
1513 270 1608 317 suis

195 324 364 373 mortui
408 324 582 372 ossibus
617 327 862 386 conjuncta
901 328 1054 374 eidem
1083 326 1260 377 tumulo
1294 332 1573 380 inferrentur
1594 371 1607 392 ‚

195 391 349 456 itaque
378 400 583 437 mortuos
606 391 745 435 etiam
774 392 972 438 amicitia
1000 397 1209 458 jungeret
1234 408 1268 443 1.
1305 399 1432 455 Quae
1454 399 1610 446 Achil-

193 454 252 508 lis
278 455 497 511 mandata
524 455 731 519 perfecta
775 456 1035 503 traduntur.
1106 460 1219 520 Ejus
1252 463 1377 508 enim
1411 465 1510 512 ossa
1545 464 1608 511 le-

197 520 413 586 gentibus
439 521 629 568 Achivis
663 525 818 581 χρύσει’]
844 530 1060 587 ἀμφιφορῆα
1083 522 1214 570 dedit
1245 535 1416 587 mater,

328 583 398 632 Ἐν
426 589 478 631 τῶ
501 605 553 632 τοι
584 597 699 631 κεῖται
727 584 823 631 λεύκ’
845 589 954 633 ὀστέα
972 624 983 645 ‚
1020 591 1165 651 φαίδιμ’
1186 591 1382 657 Ἀχιλλεῦι

336 652 472 716 Μίγδα
498 653 538 700 δὲ
567 653 795 714 Πατρόκλοιο
829 656 1071 702 Μενειτιάδαο
1097 659 1260 710 θανόντος
1281 666 1316 703 2.

327 991 605 1040 CAPUT
653 993 1045 1044 DECIMUM
1091 992 1502 1055 QUARTUM.

684 1138 752 1173 DE
796 1137 1139 1174 SEPULTURA·

263 1299 303 1364 ξ.
347 1317 385 1346 1.
455 1271 661 1345 Omnes
687 1300 879 1346 omnino
904 1298 1152 1346 funerandi
1174 1301 1292 1347 ritus
1313 1300 1522 1364 religiose
1547 1320 1624 1348 an·

200 1365 398 1432 tiquitus
446 1363 709 1412 observatos
740 1364 966 1423 vidimus,
1002 1374 1048 1412 at
1087 1368 1335 1430 praecipua
1372 1374 1527 1413 tamen
1551 1384 1625 1413 re.

202 1432 369 1495 ligione
389 1430 439 1475 in
457 1431 651 1476 mortuis
676 1430 957 1494 sepeliundis
984 1429 1302 1479 versabantur.
1370 1432 1500 1490 Quae
1522 1433 1625 1497 qui-

204 1496 315 1545 dem
352 1494 611 1559 sepulturae
653 1513 763 1542 cura
814 1494 1140 1560 superstitibus
1180 1496 1510 1556 incumbebat,
1547 1499 1623 1549 cui

204 1564 246 1609 si
283 1562 568 1618 defuissent,
614 1561 878 1624 gravissima
919 1577 999 1607 eos
1035 1561 1255 1608 manebat
1290 1564 1493 1609 Deorum
1522 1564 1622 1621 ira,

206 1625 603 1692 quemadmodum
645 1634 689 1670 et
724 1625 908 1674 aliunde
958 1634 1004 1671 et
1049 1642 1104 1672 ex
1142 1626 1341 1690 Elpeno‘i'
1383 1626 1443 1674 ad
1487 1627 1626 1692 Ulys-

209 1709 309 1740 sem
330 1689 486 1738 verbis
514 1691 659 1756 liquet
688 1689 887 1737 dicentis
904 1727 916 1749 ‚

337 1762 408 1810 Μή
438 1757 478 1817 μ’
504 1757 739 1814 ἄκλαυστσν,
771 1758 964 1815 ἆὸαπτον,
1000 1759 1062 1801 ἰὼν
1086 1755 1211 1802 ’ὁπιθεν
1242 1760 1497 1815 καταλείπειν,

340 1826 564 1885 Νσσφισθείς
582 1859 594 1880 ‚
629 1829 684 1882 μή
715 1841 767 1868 τοι
793 1842 829 1867 τι
861 1825 950 1867 θεῶν
980 1828 1125 1882 μήνιμα
1147 1824 1309 1883 γένωμαι
1332 1821 1369 1872 5.

205 1888 333 1937 Hinc
370 1887 536 1934 heroes
591 1883 821 1933 horrenda
876 1884 1113 1931 interdum
1163 1886 1346 1933 subibat
1384 1887 1628 1949 cogitatio,

208 1962 317 2020 post
361 1954 449 2000 fata
497 1969 547 1998 se
592 1951 754 2001 avibus
799 1950 1081 2015 canibusque
1124 1951 1326 1998 ludibria
1368 1952 1544 1998 futuros
1567 1952 1627 2014 4,

210 2036 350 2085 quam
374 2017 755 2065 contumeliosam
780 2026 977 2062 mortem
1002 2016 1207 2062 hostibus
1231 2016 1254 2049 5
1285 2018 1531 2082 imprecari
1555 2034 1625 2067 so-

209 2084 308 2131 lent
341 2093 386 2130 et
427 2084 602 2147 ignavis
625 2083 662 2128 6.
732 2082 910 2128 Eadem
951 2080 1009 2126 de
1052 2098 1185 2128 causa
1230 2086 1345 2145 aqua
1381 2083 1523 2145 mergi
1559 2082 1629 2128 su-

211 2149 526 2198 nestissimum,
556 2148 755 2194 habetur
778 2158 825 2205 7,
861 2163 948 2192 nec
991 2165 1092 2193 rara
1132 2156 1380 2194 occurrunt
1409 2147 1466 2192 de
1492 2148 1627 2193 amici

213 2214 435 2264 cadavere
460 2213 520 2261 ad
553 2214 836 2281 sepulturam
856 2211 1124 2277 recipiendo
1163 2228 1269 2258 cum
1293 2211 1501 2260 hostibus
1530 2229 1632 2260 cer-

1566 2286 1633 2323 ta-

262 2421 300 2465 1)
324 2419 406 2456 Vid.
427 2417 472 2454 Il.
496 2416 632 2464 XXIII,
655 2420 721 2454 244
745 2430 836 2464 seqq.
955 2418 993 2462 2)
1018 2418 1082 2452 His
1111 2417 1253 2455 Atridae
1287 2416 1401 2450 anima
1431 2417 1572 2455 Peliden
1597 2421 1632 2454 in

211 2475 334 2511 inferis
357 2474 505 2508 allocuta
527 2472 655 2516 legitur
690 2473 753 2509 (Μ,
777 2472 905 2516 ΧΧΙΥ,
932 2475 972 2518 76
1000 2484 1093 2517 seqq.
1231 2472 1268 2514 5)
1293 2471 1356 2506 Od.
1388 2472 1452 2515 XI,
1477 2487 1530 2519 72,
1576 2474 1632 2512 Cs,

211 2529 413 2566 Patrocleae
429 2526 570 2561 umbrae
588 2527 725 2572 querela
748 2527 789 2560 ll.
812 2526 941 2571 XXIII,
967 2529 1010 2572 (39
1031 2539 1123 2572 seqq.
1223 2526 1262 2569 4)
1288 2526 1336 2559 Ut
1357 2524 1400 2561 Il.
1420 2527 1502 2561 XIII
1520 2556 1528 2572 ‚
1553 2530 1630 2566 255.

215 2585 260 2619 al.
283 2584 306 2621 l.
401 2584 440 2626 5)
469 2580 549 2614 wid.
571 2581 615 2617 Il.
635 2581 740 2624 vlu,
764 2583 841 2626 379.
942 2581 981 2624 6)
1009 2581 1086 2617 vid.
1110 2581 1152 2616 11.
1172 2580 1227 2625 II,
1253 2583 1312 2626 591
1340 2593 1433 2626 seqq.
1460 2581 1541 2628 XV,
1565 2583 1630 2619 548

213 2652 304 2685 quq.
371 2650 374 2653 ·
409 2636 446 2684 7)
473 2635 572 2680 Quod
592 2635 658 2671 sibi
691 2634 892 2680 deprecatur
918 2635 1070 2672 Achilles
1095 2634 1136 2672 11.
1159 2635 1256 2681 XXI,
1281 2648 1345 2682 279
1367 2648 1459 2683 seqq.
