1780 3120
217 143 304 197 123
587 143 1276 207 ANTIQUITAS

202 287 354 324 tutem
400 275 613 335 detrudi,
659 294 748 324 nec
796 294 822 322 a
859 294 965 342 rege
1014 277 1113 325 aliis
1170 277 1340 325 donari
1384 275 1617 341 poterant}

202 344 324 389 Suus
352 342 479 389 enim
521 343 690 408 cuique
727 342 949 406 princeps
995 342 1104 402 fuit,
1139 344 1220 406 qui
1252 344 1302 389 in
1330 346 1511 408 privata
1542 345 1617 393 vel

198 408 386 474 publica
431 408 604 455 civium
648 406 775 453 bona
816 408 943 455 nullo
991 410 1092 471 jure
1144 407 1397 470 gaudebat,
1445 411 1536 457 nisi
1573 412 1624 458 in

198 476 413 540 proprias
454 472 765 539 possessiones
807 481 855 519 et
888 473 942 519 in
981 479 1114 534 τεμένη
1145 489 1171 517 a
1211 473 1387 538 populo
1424 475 1513 540 ipsi
1543 474 1626 522 do-

199 549 309 587 nata
333 552 371 587 1.

266 605 305 668 ξ.
343 605 388 652 3,
456 603 563 650 Non
594 607 715 671 justo
750 611 935 650 tantum
967 602 1094 649 bello
1127 611 1287 667 captos
1317 620 1479 652 servos
1510 623 1627 654 ven-

203 671 316 719 dere
338 669 488 725 ,moris
521 670 608 717 fuit
627 709 638 728 ‚
675 686 833 715 verum
864 669 1003 715 etiam
1035 685 1150 733 quos
1179 669 1252 715 vel
1290 668 1517 729 latrones,
1552 663 1626 718 vel

201 734 464 802 praedones
513 735 585 781 vel.
627 735 706 782 alii
741 752 1016 800 quacunque
1059 733 1249 780 tandem
1288 735 1466 781 ratione
1497 745 1631 801 supe-

204 804 352 849 riores
401 808 558 865 captos
615 800 901 847 abstulerant
942 809 1020 846 aut
1071 815 1313 865 oppressos
1364 809 1631 864 rapuerant.

207 868 313 927 Quo
345 870 446 930 jure
473 866 663 914 vendita
697 865 893 913 traditur
920 866 1087 912 mulier
1106 902 1118 923 ,
1151 883 1244 929 qua
1274 882 1384 911 cum
1409 868 1620 913 Eumae&

210 932 349 999 potiti
379 941 510 979 erant
538 932 740 979 latrones
765 929 943 994 Taphii
965 944 988 966 2
1004 967 1015 987 ,
1050 948 1076 976 a
1099 931 1267 994 quibus
1290 930 1538 979 subchum

344 1032 554 1046 .....
591 1001 768 1060 Λαέρτης
791 1004 925 1057 πρίατο
967 1004 1164 1043 κτεάτεσσι
1189 1002 1296 1042 ἑοῖσιν
1319 996 1356 1042 5.

209 1063 246 1111 A
287 1061 605 1129 praedonibus
623 1102 635 1122 ‚
666 1070 720 1110 ut
748 1060 932 1110 videtur
952 1098 964 1120 ,
999 1061 1161 1125 viginti
1202 1059 1352 1108 bobus
1378 1061 1512 1109 Idem
1543 1062 1635 1110 sibi

213 1138 562 1195 comparaverat
590 1127 871 1193 Eurycleam

342 1198 563 1259 Πρωθήβην
583 1196 642 1242 ἔτ’
667 1198 823 1252 έοῦσαν,
860 1195 1093 1251 iernen-&fictae
1123 1190 1160 1238 δ’
1183 1191 1318 1240 ἔδωκεν
1339 1193 1376 1239 4.

211 1261 272 1308 In
306 1258 501 1323 Libyam
526 1279 552 1308 a
577 1260 814 1308 Phoenice
840 1257 1045 1324 quodam
1075 1265 1331 1306 veteratore
1361 1274 1411 1306 se
1430 1257 1634 1306 delatum

211 1326 348 1389 fingit
385 1326 607 1390 Uiysses,

279 1397 389 1439 Κεῖθι
411 1430 422 1439 .
439 1427 450 1438 .
470 1428 481 1439 .
498 1393 561 1453 μ’,
581 1391 759 1457 inquit,
794 1397 842 1444 ὡς
858 1398 1045 1455 περάσῃσι
1060 1426 1071 1448 ,
1099 1394 1163 1436 καῖ
1182 1387 1343 1438 ἄσπετον
1357 1387 1446 1438 ὦνον
1458 1394 1573 1439 ἕλοιτο
1594 1392 1635 1438 54

214 1459 345 1519 Quae
380 1456 500 1504 mala
544 1456 670 1504 idem
711 1475 737 1502 a
778 1455 1054 1522 Thesprotis
1107 1471 1292 1520 quoque
1336 1454 1424 1503 sibi
1473 1466 1636 1522 parata

210 1540 307 1571 esse
339 1524 553 1571 affirmat.
620 1522 684 1570 Hi
716 1521 844 1569 enim
862 1560 875 1582 ‚
911 1521 994 1569 ubi
1017 1522 1069 1568 in
1094 1520 1243 1568 altum
1271 1519 1584 1582 devenerant,

345 1591 497 1635 Αὐτίκα
529 1592 664 1635 δούλων
694 1584 800 1648 ἦμαρ
837 1621 850 1634 .
891 1624 901 1635 .
942 1625 952 1634 .
982 1593 1306 1649 περιμηχανόωντο
1328 1587 1367 1634 6.

213 1653 405 1703 Phoebo
446 1653 651 1717 denique
693 1660 740 1697 et
780 1651 1031 1699 Poseidoni
1069 1651 1121 1696 in
1152 1659 1273 1697 terra
1315 1649 1636 1698 exsulantibus

214 1717 485 1768 Laomedon
508 1734 606 1764 sese
631 1734 710 1764 eos
734 1715 935 1782 pedibus
959 1714 1266 1780 manibusque
1288 1714 1441 1780 ligatis
1464 1717 1514 1762 in
1538 1716 1639 1764 lon-

215 1789 407 1851 ginquas
449 1783 626 1830 insulas
680 1782 1036 1847 deportaturum
1073 1780 1232 1847 ibique
1272 1781 1324 1828 in
1361 1782 1637 1830 servitutem

212 1851 516 1902 venditurum
548 1849 752 1896 minatur
775 1859 811 1894 7.

259 2048 295 2094 1)
321 2050 386 2084 His
417 2058 605 2092 repugnare
631 2046 792 2083 videntur
816 2056 902 2091 quae
933 2041 1093 2088 leguntur
1126 2046 1167 2082 Il,
1187 2045 1256 2091 IX,
1283 2045 1359 2089 149.
1395 2050 1430 2076 et
1462 2042 1527 2079 Od.
1554 2041 1635 2087 IV,

214 2107 289 2154 175.
333 2104 398 2138 Sed
429 2103 499 2139 vid.
522 2103 635 2148 Heyn.
661 2103 745 2137 Var.
771 2102 883 2137 Lectt.
907 2107 941 2134 et
961 2098 1101 2134 Observ,
1124 2100 1167 2134 ad
1188 2099 1231 2136 Il.
1254 2099 1279 2133 l.
1301 2099 1325 2134 1.
1351 2105 1386 2131 et
1410 2096 1563 2132 Nitzseh.
1592 2094 1638 2131 ad

215 2160 281 2195 Od.
313 2160 335 2195 l.
361 2159 385 2195 Ι.
513 2157 550 2202 2)
577 2157 642 2191 Od.
678 2156 759 2197 XV,
784 2158 864 2201 427.
1001 2153 1038 2197 5)
1066 2154 1130 2190 Od.
1167 2156 1207 2191 L.
1229 2155 1250 2189 l.
1284 2165 1332 2188 vs.
1359 2153 1439 2188 482.
1464 2151 1507 2186 c‘f.
1534 2151 1637 2196 XIV,

213 2216 294 2250 452.
411 2211 450 2256 4)
475 2213 538 2248 od.
565 2212 605 2256 I,
631 2213 709 2246 430.
756 2210 908 2244 Maximo
945 2219 1025 2241 sane
1057 2210 1188 2254 pretio:
1214 2219 1291 2242 nam
1321 2206 1362 2242 Il.
1390 2204 1523 2249 XXIII,
1557 2207 1638 2251 705.

212 2274 311 2304 serva
337 2275 548 2301 memoratur
567 2295 576 2312 ‚
601 2279 710 2313 quae,
736 2265 801 2299 etsi
830 2263 947 2297 πολλὰ
976 2263 1152 2295 ἐπίστατο
1185 2263 1298 2308 ἔργα,
1322 2268 1471 2306 quatuor
1504 2261 1641 2294 tantum*

217 2323 325 2358 bobus
343 2331 417 2356 erat
433 2329 536 2357 emta.
656 2322 693 2364 5)
719 2320 784 2355 od.
806 2318 907 2363 XIV,
930 2325 1014 2363 297.
1041 2317 1095 2354 cll.
1119 2330 1194 2363 sup.
1221 2329 1269 2352 vs.
1399 2314 1437 2358 6)
1463 2313 1530 2351 Od.
1551 2314 1589 2350 L.
1615 2316 1642 2351 l.

214 2391 264 2414 vs.
291 2380 370 2413 340.
501 2377 537 2422 7)
565 2375 645 2411 vid.
668 2375 710 2411 11.
736 2374 833 2419 XXI,
857 2375 925 2407 453
938 2385 1031 2417 seqq.
1079 2372 1175 2406 Citra
1196 2370 1321 2404 bellum
1338 2377 1399 2403 aut
1417 2369 1641 2403 latrocinium

215 2433 365 2468 venditis
387 2432 492 2467 servis
514 2431 704 2475 antiquitus
736 2441 802 2463 non
828 2439 926 2461 usam
963 2426 1148 2461 Graeciam
1180 2425 1290 2459 tradit
1315 2425 1477 2458 Timaeus
1503 2424 1641 2457 Tauro-

216 2488 364 2524 menites
396 2487 486 2531 apud
510 2485 724 2520 Athenaeum
758 2484 798 2518 L.
823 2483 884 2518 VI.
919 2495 953 2528 p.
972 2483 1052 2516 264.
1088 2480 1127 2516 C.
1168 2479 1243 2526 (qui
1278 2479 1371 2513 locus
1397 2478 1438 2513 de
1473 2477 1640 2513 servitute

222 2541 477 2584 memorabilis)
507 2541 571 2573 οὐκ
592 2533 636 2583 ἦν
661 2549 746 2577 φασι.
764 2539 920 2583 πάτριον
940 2541 1018 2574 τοῖς
1038 2535 1218 2578 ’Ἕλλησιν
1239 2533 1310 2566 ὑπὸ
1327 2534 1585 2578 ἀργυρωνήτων
1600 2531 1644 2564 τὸ

223 2599 383 2631 παλαιὸν
403 2597 672 2629 διακονεῖσθαι.
720 2592 830 2627 Primi
860 2605 876 2626 e
904 2591 1048 2626 Graecis
1069 2595 1378 2624 commemorantur
1412 2586 1492 2621 Chii
1514 2586 1644 2621 barba-

224 2665 280 2687 ros
300 2663 415 2686 servos
449 2656 628 2684 numerata
665 2646 807 2693 pecunia
844 2646 1001 2680 mercati.
1048 2644 1142 2686 Quos
1164 2643 1241 2677 ideo
1260 2641 1412 2676 Deorum
1448 2642 1535 2675 iram
1558 2652 1646 2675 con-

224 2709 365 2742 traxisse
390 2705 484 2740 fflem
514 2706 563 2751 (p.
591 2704 667 2738 205.
696 2701 754 2745 B.)
774 2707 910 2743 censet,
936 2699 964 2733 si
986 2698 1124 2744 quidem
1146 2697 1300 2743 oppressi
1328 2704 1408 2730 sunt
1432 2695 1472 2730 ab
1497 2695 1542 2730 iis
1563 2697 1644 2729 tae-

1589 2748 1645 2783 dio
