1780 3120
582 128 1154 234 noMAER1ca
1528 161 1593 211 ω

298 291 429 337 Πολλοὶ
463 289 504 336 δὲ
526 293 611 354 ἴφια
633 291 739 349 μῆλα
756 325 769 347 ,
804 292 870 335 καὶ
898 289 1078 342 εἰλίποδας
1095 290 1221 343 ἕλικας
1248 293 1336 349 βοῦς

297 358 448 417 Πρόσθε
470 367 588 416 πυρῆς
611 354 734 415 ἔδερόν
763 373 803 400 τε
835 357 898 398 καὶ
933 353 1100 416 ἄμφεπον
1123 365 1159 399 ¹.

166 419 298 481 Quae
320 419 372 465 in
392 419 534 484 ipsius
556 416 825 467 Laertiadae
842 419 1069 483 exsequiis
1094 428 1372 482 peregerunt
1390 421 1578 482 Achivi}

187 482 193 487 ³
301 517 706 535 .........
741 487 857 530 πολλοὶ
886 485 924 530 δὲ
956 482 992 530 σ’
1023 489 1138 548 ἀμφῖς

301 552 423 602 Μῆλα
451 558 718 610 κατεκτάνομεν
748 554 852 610 μάλα
876 557 980 595 πίονα
1009 556 1072 596 καί
1092 554 1217 606 ἕλικας
1239 554 1326 610 βοῦς
1346 565 1387 604 2.

167 612 423 678 Singularis
450 623 519 660 est
559 615 608 661 in
635 614 835 662 Patrocli
880 613 1038 661 sunere
1078 615 1220 676 ritus,
1257 634 1348 682 quo
1385 618 1588 668 Achilles

168 679 308 744 adipe
333 696 389 726 ex
411 682 553 728 caesis
587 680 863 727 animalibus
899 680 1113 727 desumto
1138 690 1288 728 totum
1323 685 1460 732 amici
1488 703 1588 733 cor-

170 761 259 810 pus
298 744 499 801 obtexit,
538 747 764 792 excoriata
796 745 1010 796 animalia
1052 747 1413 815 circumquaque
1453 768 1589 798 accu-

172 809 365 856 mulavit
382 845 393 867 ,
429 818 475 854 et
507 809 655 857 mellis
681 809 862 874 oleique
897 811 1132 874 amphoris
1160 823 1354 876 quatuor
1381 815 1592 863 cadaveri

172 875 236 922 ita
266 876 512 939 apposuit,
550 884 602 921 ut
626 876 745 934 ignis
777 875 823 921 vi
862 875 1149 928 exundantes
1179 878 1382 944 liquores
1416 883 1464 929 in
1488 898 1592 930 cor-

171 955 260 1005 pus
288 938 593 988 cremandum
617 941 926 994 dimanarent.
994 942 1124 990 Haec
1152 943 1212 990 ita
1241 945 1496 1006 Homerus:

307 1038 854 1058 ............
890 1013 933 1053 ἐκ
966 1009 1002 1053 δ’
1023 1007 1101 1069 ἄρος
1126 1018 1272 1056 πάντων
1294 1010 1317 1045 5

303 1073 435 1130 Δημὸν
464 1074 555 1117 ἑλὼν
581 1075 741 1133 ἐκάλυψε
772 1079 876 1119 νέκυν
904 1078 1114 1133 μεγάθυμος
1136 1076 1338 1136 Ἀχιλλεὺς

302 1135 367 1189 Ἐς
397 1136 510 1189 πόδας
538 1141 580 1181 ε’ν.
610 1141 797 1201 κεφαλῆς,
831 1142 915 1200 περὶ
941 1139 979 1183 δὲ
1002 1141 1122 1200 δρατὰ
1148 1147 1307 1200 σώματα
1329 1149 1428 1194 νήει·

308 1201 385 1247 Ἐν
411 1202 449 1247 δὲ
477 1206 566 1247 τίθει
595 1206 738 1263 μέλιτος
772 1209 836 1249 καί
864 1207 1056 1268 ἀλείφατος
1083 1210 1349 1270 ἀμφιφορῆας,

326 1269 428 1328 Πρὸς
455 1269 569 1327 λέχεα
589 1271 717 1313 κλίνων
738 1267 776 1314 4.

179 1330 311 1390 Quae
353 1330 508 1377 omnia
550 1347 660 1378 cum
705 1332 878 1378 mortui
921 1329 1188 1380 honorandi
1231 1351 1366 1382 causa
1400 1334 1600 1397 fiebant,

180 1403 283 1441 tum
322 1403 374 1442 ut
416 1394 580 1442 laetius
624 1405 908 1443 excresceret
955 1395 1174 1455 flamma,
1228 1418 1317 1465 qua
1361 1401 1602 1449 celerrime

181 1477 349 1524 corpus
387 1458 737 1521 combureretur
758 1461 796 1523 5,
876 1459 1073 1522 Achillis
1116 1463 1313 1523 cadaver
1345 1477 1602 1526 crematum

179 1524 344 1592 legitur

315 1626 330 1640 .
363 1624 378 1641 .
415 1627 428 1640 .
463 1625 478 1641 .
515 1595 552 1639 ἐν
571 1593 603 1641 τ’
629 1597 756 1646 ε’σθῆτι
782 1595 874 1646 Θεῶν
897 1597 962 1639 καῖ
987 1596 1155 1659 ἀλείφοςῃ
1183 1598 1307 1659 πολλῷ

315 1660 398 1705 Καὶ
423 1661 544 1719 μέλιτι
571 1660 740 1721 γλυκερῷ
760 1657 798 1706 ⁶.

243 1721 288 1786 ξ.
321 1725 368 1783 4.
435 1723 548 1781 Post
575 1722 666 1770 fata
705 1724 755 1769 in
797 1722 953 1770 Hades
984 1721 1125 1770 domo
1154 1723 1482 1775 defunctorum
1513 1746 1606 1785 ma-

183 1803 268 1834 nes
297 1786 486 1835 alteram
521 1788 649 1852 quasi
681 1789 824 1836 vitam
858 1789 1021 1852 priori,
1058 1807 1198 1854 quam
1235 1792 1283 1837 in
1328 1794 1458 1841 terris
1501 1812 1621 1857 ages

108 1906 111 1911 Δ
185 1850 328 1909 bant,
376 1853 600 1910 similem,
636 1861 687 1898 ut
736 1853 908 1900 ferebat
945 1855 1127 1916 opime,
1176 1856 1423 1914 vivebant,
1470 1863 1606 1927 cujus

184 1915 375 1976 quidem
408 1919 526 1964 vitae
557 1917 839 1981 voluptatem
871 1919 1116 1964 maximam
1151 1937 1207 1976 ex
1251 1922 1416 1985 prioris
1454 1941 1605 1972 recor-

186 1975 371 2029 datione
402 1990 636 2046 caperent.
707 1984 839 2040 Quae
877 2000 1006 2029 causa
1040 1984 1154 2039 fuit,
1192 1986 1344 2048 quod,
1382 1990 1467 2036 etsi
1503 2007 1605 2037 cor.

186 2064 300 2114 pore
340 2046 588 2094 destitutos
618 2083 629 2101 ,
678 2046 846 2093 iisdem
898 2057 1054 2095 tamen
1097 2049 1270 2107 studiis,
1297 2089 1308 2110 ,
1358 2071 1474 2117 quae
1512 2056 1606 2104 vivi

187 2113 477 2159 adamassent
497 2150 508 2168 ‚
537 2110 716 2159 deditos
740 2115 967 2175 fingerent
989 2125 1024 2161 7.
1080 2115 1271 2162 Animos
1299 2119 1427 2166 enim
1445 2137 1526 2184 per
1555 2139 1604 2168 se

189 2179 312 2244 ipsos
362 2178 569 2226 viventes
612 2195 709 2235 non
743 2186 959 2243 poterant
996 2189 1154 2228 mente
1198 2183 1471 2249 complecti:
1514 2187 1608 2233 for-

1488 2268 1616 2300 main

240 2386 277 2431 ι)
304 2385 347 2424 11.
371 2385 507 2431 XXIII,
534 2388 598 2421 166
621 2397 715 2430 seqq.
831 2384 870 2429 2)
896 2385 959 2422 Od.
986 2385 1116 2435 XXIV,
1139 2389 1184 2424 65
1205 2401 1277 2434 seq.
1403 2389 1442 2435 5)
1468 2391 1617 2427 Anima..

195 2441 283 2476 lium
303 2440 436 2476 scilicet
457 2441 500 2475 ad
522 2453 642 2486 pyram
663 2451 851 2474 caesorum.
946 2439 984 2483 4)
1009 2440 1049 2477 Il.
1075 2442 1208 2487 XXIII,
1236 2446 1298 2489 167
1315 2455 1408 2488 seqq.
1503 2446 1541 2488 5)
1559 2446 1613 2483 Cf.

199 2495 237 2530 h.
262 2507 296 2531 e.
320 2499 352 2543 §·
376 2509 406 2532 ι.
440 2496 550 2542 Heyn.
582 2503 617 2529 et
649 2503 714 2529 cet.
749 2493 896 2539 Interpr.
931 2494 973 2527 ad
1004 2494 1140 2533 11.1.1.
1267 2499 1304 2542 6)
1331 2498 1396 2533 (ὶά,
1420 2497 1546 2544 XXIV,
1572 2503 1615 2546 67

197 2561 271 2595 seq.
385 2549 424 2597 7)
449 2550 531 2588 vid.
557 2562 587 2585 e·
611 2561 643 2594 g.
667 2547 730 2584 Od.
755 2548 803 2593 X,
826 2550 890 2595 571
914 2560 1009 2594 seqq.
1034 2557 1070 2584 et
1091 2553 1158 2586 604
1185 2563 1279 2598 seqq.
1328 2550 1380 2589 Cf.
1406 2551 1556 2592 Nitzsch.
1576 2556 1623 2604 aa*

197 2603 264 2641 od.
287 2602 360 2649 111,
382 2605 462 2642 258.

1095 2659 1137 2705 D
1173 2658 1204 2708 3
