1780 3120
593 133 1166 212 HOMERICA.
1513 151 1577 219 43

327 521 669 573 CAPUT
743 509 1418 569 UNDECIMUM.

551 670 617 701 DE
660 665 895 700 MAGICIS
937 662 1189 696 ARTIBUS.

221 827 259 890 §.
299 845 339 876 1.
404 801 723 876 Divinationi
759 834 950 890 cognata
997 833 1066 872 est
1101 821 1279 886 magia,
1323 839 1442 888 quae
1489 826 1586 889 qui-

156 891 266 942 dem
303 894 554 940 maximam
599 901 779 959 partem
825 895 874 940 in
929 892 1070 939 rebus
1109 887 1401 936 mirabilibus
1436 907 1587 938 versa-

153 965 231 1004 tur
326 959 590 1006 Inferorum
636 959 729 1005 huc
774 958 979 1023 pertinet
1020 955 1227 1003 evocatio
1249 991 1261 1011 ,
1308 955 1359 1001 in
1393 973 1484 1021 qua
1519 966 1583 1003 to-

150 1030 230 1070 *tus
270 1034 524 1089 occupatur
563 1024 798 1089 Odysseae
829 1023 952 1070 liber
990 1021 1295 1078 undecimus,
1332 1038 1471 1084 quem
1504 1022 1582 1069 in-

153 1086 214 1134 de
242 1092 408 1137 Νεκύἴαν
434 1089 724 1155 appellarunt
758 1098 952 1136 veteres.
1022 1089 1082 1134 In
1109 1103 1162 1132 eo
1186 1085 1365 1132 scilicet
1387 1086 1581 1151 Ulysses

151 1170 208 1199 ex
240 1154 397 1202 Circes
423 1165 671 1220 praecepto
707 1154 919 1203 scrobem
945 1154 1080 1209 fodit,
1117 1155 1167 1198 in
1202 1168 1344 1214 quam
1376 1154 1582 1216 primum

155 1219 334 1279 mulso,
372 1219 483 1267 dein
515 1221 646 1278 vino,
692 1229 793 1267 turn
833 1238 976 1287 aqua,
1014 1219 1115 1264 alba
1151 1217 1301 1263 farina
1343 1217 1579 1283 inspersa,

149 1283 199 1330 in
223 1286 432 1331 manium
452 1286 681 1332 honorem
710 1285 931 1332 libamina
956 1284 1110 1332 fundit
1137 1322 1148 1343 ,
1184 1282 1355 1346 quibus
1388 1285 1438 1330 in
1461 1285 1584 1333 Itha-

150 1365 254 1396 cam
285 1367 522 1397 reversum
559 1368 607 1397 se
650 1351 824 1398 bovem
861 1352 1064 1397 sterilem
1096 1351 1146 1395 in
1175 1347 1366 1394 aedibus
1408 1351 1579 1396 sacrifi-

148 1424 361 1462 caturum
393 1426 530 1463 vovet
553 1451 558 1458 .
579 1425 626 1462 et
659 1433 822 1481 pyram
857 1418 1099 1476 ἐμπλησέμεν
1142 1417 1297 1460 ἐσθλῶν.
1366 1415 1578 1462 Tiresiae

145 1495 258 1527 vero
295 1482 386 1528 vati
413 1480 705 1546 peculiariter
736 1482 964 1544 egregiam
995 1497 1124 1526 ovem
1161 1479 1342 1541 nigram
1386 1481 1580 1546 pollice.

143 1554 238 1592 tur.
306 1548 487 1605 Quibus
511 1547 628 1593 votis
666 1550 888 1611 susceptis
918 1546 1071 1610 nigras
1101 1544 1159 1591 ad
1201 1543 1412 1592 scrobem
1441 1564 1580 1611 pecu-

147 1609 229 1657 des
269 1611 478 1678 jugulat,
517 1621 570 1659 ut
611 1611 670 1658 ad
713 1612 985 1675 sanguinem
1030 1608 1290 1656 bibendum
1341 1609 1452 1658 dein
1492 1611 1578 1659 de-

145 1675 418 1724 functorum
456 1680 634 1725 animas
667 1679 859 1737 invitet,
896 1694 1008 1743 quas
1053 1676 1325 1741 priusquam
1360 1676 1574 1725 admitte-

145 1750 240 1801 ret,
277 1757 334 1788 ex
361 1743 561 1801 Tiresia,
598 1760 715 1808 quae
751 1743 840 1791 sibi
877 1741 1092 1791 facienda
1134 1749 1315 1802 essent,
1349 1743 1574 1792 sciscitari

143 1804 214 1853 illi
236 1818 538 1874 praeceperat
571 1809 724 1856 Circe.

332 1876 412 1928 ‘'Og
437 1882 496 1921 κέν
520 1894 572 1920 τσι
597 1882 742 1936 εἴπῃσιν
769 1877 846 1920 ὁδὸν
871 1880 934 1920 καὶ
955 1881 1077 1936 μέτρα
1099 1876 1287 1928 κελεύθου,

342 1942 488 1987 Νέστον
524 1941 581 1997 θ’,
618 1947 666 1994 ὡς
693 1946 753 1986 ε’πί
780 1947 906 1985 πόντεν
926 1941 1094 1985 ἐλεύσεαι
1126 1945 1318 2001 ἰχθυόεντα
1342 1950 1378 1985 ¹.

144 2000 274 2049 Haec
324 2002 384 2050 ad
424 2003 632 2052 defuncti
667 2003 945 2070 plerumque
981 2003 1214 2052 tumulum
1262 2003 1465 2063 fiebant,
1511 2006 1571 2054 ad

145 2085 286 2141 quem
329 2071 502 2116 animas
543 2085 796 2135 corporum
839 2087 1028 2117 suorum
1071 2070 1305 2118 desiderio
1347 2069 1567 2121 libentius

144 2134 318 2182 versari
348 2135 627 2183 credebant:
662 2137 714 2182 in
736 2136 895 2183 inferis
919 2151 1028 2182 vero
1055 2137 1150 2199 egit
1180 2136 1373 2202 Ulysses

343 2235 855 2250 ...........
889 2203 976 2248 ἔνθα
1011 2221 1050 2248 τε
1084 2210 1202 2266 νεκροὶ

344 2265 548 2332 Ἀφραδέες
574 2275 714 2314 ναίουσι
730 2305 742 2326 ‚
776 2271 920 2328 βροτῶν
941 2268 1076 2314 εἴδωλα
1102 2276 1293 2329 καμόντων
1314 2280 1352 2316 2.

211 2330 252 2394 ξ.
289 2348 332 2377 2.
399 2334 574 2392 Porro,
609 2333 761 2398 inquit
789 2334 826 2380 F
829 2332 1023 2391 cithius,
1057 2335 1173 2381 varii
1200 2349 1383 2400 quoque
1418 2341 1464 2379 et
1485 2333 1564 2380 ad-

144 2395 345 2444 mirandi
374 2408 554 2446 exstant
584 2400 757 2462 magiae
783 2398 1004 2457 effectus,
1043 2415 1140 2445 non
1174 2400 1224 2445 in
1254 2399 1468 2445 hominos
1492 2417 1563 2445 so„

144 2457 246 2507 lum
273 2479 325 2510 ac
356 2463 556 2524 bestias»,
591 2464 674 2511 sed
703 2473 748 2511 et
779 2465 829 2511 in
870 2464 1068 2530 ipsamet
1099 2465 1266 2512 muudi
1302 2464 1558 2521 elementa,

1449 2547 1564 2595 quac

194 2655 231 2699 ι)
255 2655 318 2694 Od.
344 2657 392 2701 X,
416 2659 481 2702 559
510 2672 579 2706 seq.
615 2659 671 2696 cll,
708 2671 822 2704 praec.
857 2671 903 2694 vs.
933 2660 1012 2694 iude
1051 2671 1070 2693 a
1105 2671 1155 2695 vs.
1176 2661 1254 2696 503.
1281 2667 1315 2694 ct
1338 2659 1402 2694 Od.
1424 2658 1491 2705 xl,
1516 2661 1560 2695 25

142 2722 237 2759 seqq,
353 2711 391 2757 2)
417 2714 481 2749 Od.
501 2714 568 2753 M.
594 2717 660 2761 474
679 2728 748 2760 seq.
796 2713 850 2753 Cf.
874 2712 937 2750 Od.
962 2714 1011 2758 X,
1034 2717 1100 2749 592
1123 2726 1216 2763 seqq.
