1750 3116
487 133 715 171 OPERIS
763 132 1188 171 CONSPECT'US.
1467 140 1547 172 axv

215 248 310 279 tant:
340 244 458 286 quibus
482 243 605 286 fiebat,
634 253 670 278 ut
698 252 912 286 quaecunque
941 250 1098 284 mortuo,
1127 245 1204 277 dum
1225 244 1378 286 viveret,
1402 256 1458 281 ca-

215 298 344 335 rissima
368 308 432 332 una
457 308 531 332 cum
557 301 692 333 domino
714 300 854 332 flammis
883 301 1061 333 traderent.
1206 321 1217 331 .
1308 322 1320 332 .
1385 311 1460 344 pag.
1485 312 1540 344 53.

248 355 281 400 ἓ.
301 364 336 396 5.
380 357 418 389 In
437 356 618 396 principum
645 357 789 388 virorum
811 355 922 388 funere
948 356 1099 388 homines
1117 355 1214 388 etiam
1236 354 1400 397 jugulatos
1425 360 1460 391 in

214 418 329 450 pyram
351 407 588 448 conjiciebant.
685 428 696 445 .
785 433 796 444 .
886 432 898 444 .
990 432 1001 444 .
1091 432 1103 444 .
1207 432 1219 443 .
1309 432 1321 444 .
1408 434 1421 445 .
1485 425 1541 457 54.

248 466 280 512 §-
300 465 334 498 6.
379 467 467 498 Dum
497 476 576 507 pyra
599 467 734 499 ardebat
765 475 838 499 cum
867 466 1024 499 libatione
1056 474 1124 499 tum
1155 465 1284 499 solenni
1309 475 1459 506 suprema

215 522 340 555 mortui
366 523 617 563 compellatione
639 522 772 554 inferiae
792 521 915 554 fiebant
938 523 1037 564 vino,
1059 528 1241 565 unguentes
1255 544 1266 559 ‚
1290 520 1400 553 melle.
1486 533 1542 566 54,

247 579 278 624 5.
300 588 335 621 7.
380 580 469 611 Vino
497 587 595 618 rogus
620 577 908 618 exstinguebatur3
945 586 1012 609 tum
1052 587 1126 610 ossa
1153 587 1171 609 a
1205 575 1375 617 cognatis,
1405 575 1460 609 vel

215 630 331 665 amicis
350 633 435 666 lecta
458 634 561 679 δημῷ
583 631 807 672 similibusque
835 633 1052 673 inungebant,
1078 642 1118 666 ne
1144 637 1384 672 putrescerent.
1429 651 1442 664 .
1486 641 1543 674 55,

196 702 198 706 “
249 691 282 736 ἓ.
305 694 339 726 8.
371 693 470 724 -ossa
499 690 604 730 lecta,
628 687 776 719 vestibus
805 694 893 720 tecta
915 688 972 720 vel
996 688 1109 728 phialo
1133 686 1266 720 condita
1287 688 1464 720 servabant

218 747 260 778 ad
279 746 464 786 sepulturae
483 746 584 778 diem.
682 767 693 779 .
778 764 789 776 .
880 765 892 777 .
984 765 996 776 .
1087 765 1099 777 .
1191 763 1204 777 .
1315 761 1327 773 ·
1411 765 1424 777 .
1488 752 1546 786 55.

135 800 245 843 Caput
265 796 376 834 XIV.
407 801 460 833 De
479 801 666 842 Sepultura.

248 858 279 904 §-
304 867 335 891 1.
380 857 560 896 Praecipua
587 856 619 888 in
641 856 779 888 mortuis
798 856 997 897 sepeliundis
1015 856 1151 889 heroum
1174 864 1249 888 cura
1269 857 1331 890 fuit
1349 867 1384 892 et
1407 870 1458 894 re-

215 914 309 955 ligio.
354 914 526 954 Sepultura
552 913 688 945 destitui
709 913 936 954 gravissimum
956 913 1078 945 malum
1101 913 1284 954 habebant,
1314 923 1377 948 nec
1400 916 1464 949 nisi

215 970 355 1010 sepultis
378 971 410 1002 in
433 970 556 1002 inferos
582 968 705 999 aditum
732 976 841 1008 patere
861 970 1063 1002 statuebant.
1212 992 1223 1003 .
1313 991 1328 1004 .
1416 991 1428 1006 .
1492 966 1549 1016 56.

247 1026 280 1072 5.
301 1036 336 1059 2.
383 1026 468 1058 ossa
489 1024 588 1065 igitur
613 1024 698 1058 lecta
720 1026 752 1057 in
772 1026 892 1058 fossam
917 1024 1116 1062 efferebant,
1139 1030 1174 1054 et
1200 1027 1359 1061 tumulum
1381 1029 1464 1062 edu.

218 1084 338 1114 cebant
359 1085 476 1115 eodem
497 1081 567 1114 fere
591 1082 800 1121 ioco‚quem
819 1088 917 1120 rogus
939 1085 1176 1119 occupaverat·
1215 1102 1227 1113 .
1314 1103 1325 1115 .
1412 1106 1423 1117 .
1492 1096 1549 1130 57,

248 1136 278 1181 ἓ.
301 1147 332 1177 3.
376 1137 521 1169 Tumulo
541 1136 752 1176 imponebant
774 1134 935 1179 στήλην,
958 1143 1044 1174 quae
1075 1133 1250 1173 conjuncta
1271 1140 1368 1180 σῆμα
1389 1139 1466 1172 effi.

220 1191 331 1232 ciunt,
353 1200 422 1232 quo
453 1190 602 1224 defuncti
638 1190 756 1223 famam
783 1192 824 1221 ad
850 1198 1001 1229 posteros
1029 1189 1205 1230 transiret,
1226 1191 1346 1233 cuique
1371 1194 1466 1236 ejus,

220 1247 296 1279 dum
315 1247 466 1292 viveret,
487 1246 624 1288 insignia
646 1247 820 1288 aliquando
846 1247 1038 1287 affigebant.
1117 1268 1130 1279 .
1217 1269 1230 1280 .
1317 1269 1330 1281 .
1419 1272 1431 1284 .
1493 1249 1550 1292 58.

250 1302 282 1347 ἓ.
305 1311 338 1342 4.
384 1303 488 1335 EXtra
515 1304 613 1335 urbes
627 1327 639 1343 ,
661 1313 729 1344 quo
752 1304 828 1336 loco
848 1304 1009 1336 cadavera
1036 1303 1208 1335 combusta
1225 1310 1340 1344 erant,
1361 1303 1467 1346 sepul·

218 1366 275 1390 cra
293 1357 394 1390 fuisse
412 1358 580 1393 videntur.
705 1377 717 1390 .
807 1378 819 1390 .
908 1379 920 1391 .
1010 1379 1022 1392 .
1109 1379 1121 1392 .
1212 1379 1224 1392 .
1311 1381 1324 1393 .
1415 1383 1427 1396 .
1492 1374 1548 1407 59.

247 1412 279 1457 §-
303 1421 338 1454 5.
381 1413 435 1444 De
461 1414 713 1454 κενοταφίοις,
743 1421 777 1447 et
797 1414 944 1446 omnium
972 1413 1003 1446 in
1031 1424 1139 1457 pugna
1163 1423 1331 1448 caesorum
1357 1418 1466 1456 sepul·

216 1468 298 1500 chro
324 1467 505 1501 communi.
550 1469 690 1510 Peregre
717 1478 919 1503 mortuorum
947 1480 1058 1505 manes
1090 1479 1140 1505 ter
1159 1473 1225 1507 alta
1247 1481 1332 1506 voce
1354 1474 1465 1507 solen·

217 1524 304 1556 niter
322 1525 534 1558 invocabant.
604 1547 620 1561 .
710 1549 722 1561 .
812 1551 823 1562 .
904 1549 917 1562 .
1010 1551 1021 1562 .
1109 1550 1120 1562 .
1211 1546 1224 1560 .
1313 1547 1326 1560 .
1417 1549 1429 1561 .
1494 1539 1551 1572 59.

247 1580 282 1626 ἓ.
304 1581 340 1614 6.
387 1581 557 1614 cadavere
591 1582 747 1625 sepulto,
782 1585 954 1625 omnibus,
987 1585 1045 1626 qui
1079 1584 1186 1617 funeri
1227 1582 1465 1626 interfuerant,

219 1637 412 1670 convivium
439 1637 636 1679 parabatur,
668 1640 758 1679 quod
780 1647 815 1672 et
843 1648 918 1673 ante
942 1642 1142 1682 sepulturam
1173 1639 1349 1681 aliquando
1373 1640 1462 1673 cele·

218 1695 347 1728 bratum
369 1702 435 1728 est.
504 1716 517 1727 .
607 1711 622 1725 ι
705 1714 717 1726 .
809 1715 821 1726 .
911 1716 923 1727 .
1011 1715 1026 1729 .
1115 1719 1127 1729 .
1216 1717 1229 1729 .
1317 1716 1330 1728 .
1420 1715 1433 1728 .
1496 1695 1554 1728 60.

249 1749 280 1795 5.
303 1758 337 1793 7.
383 1750 423 1782 In
443 1749 590 1783 defuncti
611 1750 768 1790 principis
781 1750 843 1782 viri
864 1749 1021 1783 honorem
1042 1750 1110 1784 ludi
1127 1750 1280 1785 solennes
1300 1750 1468 1784 habeban-

222 1812 298 1846 tur,
321 1805 354 1838 in
379 1806 498 1847 quibus
523 1807 612 1843 varia
632 1807 808 1838 certamina
833 1806 887 1839 edi
911 1807 1077 1844 solebant.
1205 1829 1217 1842 .
1307 1829 1320 1842 .
1414 1828 1427 1841 .
1492 1807 1549 1841 61.

503 1914 727 1947 LIBER
784 1914 1190 1950 SECUNDUS.

137 2025 245 2071 Caput
266 2025 296 2058 Ι.
342 2025 395 2057 De
416 2033 504 2058 statu
527 2024 670 2065 imperii.

253 2081 287 2126 §-
311 2091 342 2114 1.
388 2080 526 2120 Paucis,
553 2089 595 2112 ex
619 2081 764 2114 Homero
788 2082 921 2124 petitis,
938 2084 978 2116 de
1003 2082 1091 2116 vitae
1106 2083 1235 2116 ratione
1259 2082 1462 2125 disputatur,

220 2146 319 2177 quam
342 2137 455 2178 primis
480 2138 600 2170 seculis
620 2138 732 2177 populi
755 2139 886 2171 duxisse
910 2138 1074 2171 videntur.
1212 2158 1223 2170 .
1310 2159 1321 2170 .
1412 2160 1424 2171 .
1489 2139 1546 2173 62.

250 2194 280 2239 g.
305 2202 338 2225 2.
381 2193 434 2225 De
464 2193 569 2224 cultus
591 2194 713 2234 gradu,
735 2195 775 2226 ad
797 2204 892 2234 quem
914 2194 1046 2226 heroica
1066 2201 1156 2226 aetas
1184 2193 1346 2226 escendit.
1413 2216 1426 2228 .
1490 2195 1547 2236 63.

251 2249 285 2294 5.
308 2261 342 2290 3.
385 2250 566 2284 civitatum
592 2249 704 2290 origo,
729 2256 843 2280 natura
870 2257 904 2282 et
934 2250 1101 2290 regiminis
1132 2251 1237 2282 forma
1263 2251 1463 2290 explicatur:

216 2304 269 2336 liis
287 2305 448 2346 generalia
467 2307 625 2346 quaedam
642 2307 682 2339 de
705 2305 876 2352 βασιλέϊ,
899 2306 1026 2350 027an,
1053 2304 1179 2349 δήμῳ,
1202 2305 1464 2353 πολυκοιρανίῃ

220 2361 469 2404 aubJ'unguntur.
514 2385 525 2396 .
613 2386 625 2398 .
716 2383 726 2394 .
817 2384 828 2395 .
917 2384 929 2395 .
1015 2381 1027 2393 .
1117 2382 1128 2394 .
1215 2382 1227 2393 .
1318 2383 1329 2394 .
1416 2383 1428 2394 .
1491 2360 1549 2400 63.

253 2418 284 2463 S.
308 2429 342 2460 4.
384 2418 496 2460 Quem
517 2419 722 2458 potissimum
752 2428 862 2460 regem
889 2423 1063 2456 crearunt,
1086 2416 1193 2456 deque
1215 2415 1328 2456 populi
1355 2415 1386 2447 in
1413 2425 1464 2448 re·

224 2482 290 2515 gno
319 2475 495 2508 deferendo
533 2476 692 2516 partibus.
743 2474 940 2513 Plerumque
973 2482 1108 2514 regnum
1143 2481 1160 2503 a
1187 2479 1276 2511 patre
1302 2472 1335 2503 in
1365 2470 1466 2502 filium

223 2529 446 2562 deferebatur:
470 2539 595 2563 summa
617 2530 702 2562 enim
722 2528 872 2560 universe
896 2526 979 2569 regii
1003 2527 1131 2569 generis
1156 2527 1358 2560 existimatio
1380 2526 1464 2564 fuit,

229 2582 321 2623 cujus
339 2585 491 2620 nobilitas
511 2585 546 2619 in
561 2593 712 2626 posteros
731 2585 902 2618 transibat.
1007 2605 1018 2616 .
1110 2603 1121 2615 .
1213 2603 1224 2615 .
1313 2603 1324 2614 .
1414 2602 1424 2615 .
1491 2583 1547 2622 64.

1456 2637 1485 2674 S.
1510 2648 1544 2680 5.
