1780 3120
608 171 1180 225 HOMERICA.
1535 194 1606 225 atr·

450 513 799 564 CAPUT
880 508 1324 560 SEXTUM.

520 654 589 684 DE
631 650 913 682 PRECIBUS
957 650 1029 682 ΕΤ
1073 649 1259 684 VOTIS.

241 807 285 872 ξ.
324 823 361 855 t.
427 779 509 854 Ita
536 805 624 853 rite
647 807 825 856 lustrati
851 816 897 855 et
923 807 1029 873 puri
1056 808 1116 856 ad
1140 808 1326 873 pietatis
1353 809 1502 859 officia
1523 829 1596 860 ex-

178 871 412 939 sequenda
450 889 499 920 se
535 872 864 932 conferebant,
905 890 1023 940 quae
1058 891 1167 921 cum
1209 875 1446 924 sacrificiis
1491 878 1592 925 Diis

178 937 498 1004 praestabant,
532 947 632 984 tum
660 940 875 1004 precibus
906 956 958 986 ac
996 939 1126 987 votis.
1196 939 1311 987 Suae
1343 942 1469 988 enim
1507 942 1596 990 sibi

180 1003 504 1051 imbecillitatis
530 1005 733 1063 conscii,
767 1021 884 1070 quae
910 1005 1002 1069 ipsi
1031 1003 1213 1052 efficere
1248 1023 1343 1052 non
1381 1015 1596 1071 poterant

178 1070 335 1117 omnia
381 1071 430 1115 in
474 1069 678 1116 Deorum
717 1078 945 1134 potestate
981 1071 1131 1134 posita
1164 1070 1432 1121 credebant.
1498 1073 1597 1119 Hos

183 1135 322 1199 igitur
359 1133 446 1181 sibi
472 1135 696 1199 propitios
718 1135 913 1182 reddere
941 1151 965 1180 e
992 1152 1040 1181 re
1068 1153 1146 1182 sua
1174 1135 1405 1186 ducebant
1423 1175 1434 1195 ‚
1469 1137 1595 1202 quod

175 1201 403 1264 (humana
440 1201 594 1246 omnia
632 1199 691 1246 ad
720 1201 842 1251 Deos
870 1201 1218 1262 transferentes)
1252 1219 1347 1251 non
1377 1203 1596 1267 precibus

183 1274 363 1312 tantum
403 1265 522 1312 essici
552 1265 907 1323 existimabant,
950 1264 1032 1312 sed
1064 1265 1136 1313 vel
1169 1267 1367 1312 maxime
1399 1269 1598 1314 muneri..

184 1329 274 1377 bus
299 1328 464 1375 oblatis
492 1331 700 1393 votisque
729 1329 977 1394 suscepti3‚
1024 1329 1191 1393 quibus
1227 1340 1375 1377 motos
1408 1332 1599 1378 immor-

181 1393 296 1442 tales
336 1393 508 1440 facilius
546 1410 708 1455 preces
753 1411 857 1440 suas
896 1394 1186 1441 exaudituros
1232 1394 1319 1441 sibi
1360 1414 1596 1458 persuase-

183 1467 304 1507 rant.
369 1459 493 1506 Vota
527 1457 620 1505 illis
650 1458 796 1505 facere
827 1457 1075 1521 negligenti
1097 1470 1118 1492 2
1146 1476 1261 1506 vana
1285 1471 1392 1506 sunt
1424 1470 1468 1507 et
1496 1464 1596 1508 irri-

185 1533 232 1572 ta
262 1540 561 1588 quaecunque
591 1524 854 1588 susceperit.
901 1523 1184 1587 Prospcrum
1203 1525 1328 1570 enim
1363 1526 1427 1571 rei
1459 1543 1599 1574 even-

182 1599 314 1647 tum,
351 1596 403 1637 ut
432 1588 518 1635 hac
542 1597 684 1634 aetate
718 1589 960 1635 hominum
989 1587 1048 1634 de
1081 1589 1183 1635 Diis
1210 1591 1364 1653 opinio
1393 1592 1565 1638 ferebat
1583 1631 1596 1651 ‚

181 1655 251 1704 illi
293 1653 467 1702 invidet
510 1670 718 1712 numen,
768 1661 907 1717 μέγῃρε
948 1655 1022 1716 γάρ
1068 1660 1097 1699 εἰ
1120 1654 1156 1700 5.
1237 1656 1313 1701 Sic
1355 1655 1508 1703 dando
1545 1676 1597 1704 ac

180 1719 385 1787 petendo
412 1719 626 1767 universa
652 1719 982 1766 conficiebatur
1014 1717 1191 1782 religio.
1269 1720 1340 1766 De
1382 1721 1599 1785 precibus

181 1787 384 1852 primum
413 1800 601 1848 agemus
619 1822 631 1843 ,
665 1786 727 1831 ita
752 1784 943 1845 jubente
969 1783 1198 1833 humanae
1225 1787 1507 1834 necessitatis
1524 1786 1592 1833 le·.-

183 1868 264 1915 ge,
298 1851 373 1897 cui
401 1865 560 1896 omnes
587 1848 774 1912 sub-{icit
803 1849 1065 1896 Homerus:

463 1918 611 1967 Πάντες
644 1916 683 1959 δὲ
717 1919 806 1960 θεῶν
839 1912 1206 1975 χατέευσ’ἇνορωποι
1228 1915 1265 1964 4.

177 1980 247 2029 Ut
275 1987 425 2025 autem
456 1978 565 2023 varii
590 1986 696 2022 sunt
718 1976 975 2023 communis
1000 1977 1116 2024 vitae
1148 1995 1280 2034 usus,
1319 1981 1380 2030 ita
1410 1999 1593 2049 quoque

175 2045 327 2094 variae
354 2043 544 2089 fuerunt
559 2046 728 2107 'preces
747 2080 757 2100 ‚
793 2043 1017 2105 variisque
1036 2042 1178 2088 factae
1199 2044 1324 2103 Diis,
1360 2057 1497 2110 prout
1514 2067 1594 2095 sua

179 2108 369 2173 singulis
397 2107 544 2153 officia
585 2124 681 2154 esse
711 2106 1030 2156 credebantur.
1098 2108 1287 2172 Troiani
1324 2111 1382 2158 (le
1412 2114 1594 2161 civitate

178 2193 260 2222 sua
296 2172 605 2239 periclitantes
641 2172 853 2219 Athenon
887 2177 1114 2233 ἐρυσίπτολιν
1140 2175 1354 2222 invocant
1378 2176 1421 2236 53
1456 2178 1591 2225 Proci

180 2240 432 2303 Penelopes
461 2238 512 2284 in
544 2237 789 2301 sagittandi
812 2239 1064 2285 certamine
1090 2239 1352 2304 Apollinem
1376 2241 1426 2299 ὃς
1462 2245 1591 2288 navi-

182 2314 339 2372 gantes
362 2302 670 2350 Poseidonem
697 2312 743 2351 et
771 2303 1006 2354 Castorem
1030 2315 1077 2349 7:
1114 2305 1188 2353 alii
1205 2305 1340 2366 alios,
1376 2325 1490 2373 quos
1516 2326 1596 2374 pe-

1518 2391 1595 2421 clt-

225 2485 262 2530 1)
287 2483 367 2520 Vid.
392 2497 422 2520 e.
441 2496 472 2530 g.
497 2484 540 2522 Il.
560 2483 624 2528 IX,
648 2484 715 2529 493
737 2495 830 2529 seqq.
946 2485 984 2529 2)
1011 2484 1120 2528 Quem
1141 2485 1301 2521 dicebant
1326 2487 1391 2520 οὐκ
1415 2487 1583 2523 ἀπειλεῖν

178 2547 220 2577 ut
243 2539 282 2574 Il.
303 2539 433 2585 XXIII,
457 2541 535 2574 863.
626 2538 663 2582 5)
676 2538 724 2571 Ut
746 2537 789 2575 Il.
813 2539 853 2575 L.
874 2537 898 2575 l.
924 2552 970 2576 vs.
994 2542 1069 2575 865.
1095 2540 1150 2576 cll.
1173 2553 1283 2586 praec.
1311 2553 1358 2576 vs.
1450 2542 1489 2585 4)
1514 2544 1581 2580 Od.

179 2592 259 2637 111,
282 2595 338 2637 48.
448 2594 486 2638 5)
513 2593 552 2629 11.
578 2592 650 2637 VI,
674 2593 750 2628 505.
876 2594 914 2637 6)
938 2594 1000 2629 cd.
1026 2593 1120 2633 XXI,
1147 2596 1227 2632 304.
1333 2594 1368 2640 7)
1394 2593 1518 2640 Hymn.
1548 2598 1585 2634 in

181 2647 318 2686 Poseid.
340 2660 388 2684 vs.
411 2661 443 2695 7.
490 2646 545 2685 Cf.
569 2647 693 2691 Hymn.
720 2648 756 2681 in
778 2646 996 2694 Διοσκόρους
1017 2649 1065 2686 ΙΙ.
1090 2661 1137 2684 vs.
1161 2661 1193 2694 9.

1111 2694 1215 2742 133
