1750 3116
138 129 248 183 ,ω’
480 136 703 178 orimus
750 143 1186 180 CONSPECTUS.

217 256 282 286 bns
301 252 340 286 ῖῐε
354 251 489 293 ritibus,
511 252 629 292 quibus
649 251 781 285 foedera
800 258 910 284 sancta
934 258 1044 284 essent
1064 259 1099 284 et
1119 251 1225 287 firma.
1249 255 1288 288 In
1301 257 1392 297 cujus
1407 260 1457 293 rei
1479 265 1488 282 ⁸

216 311 400 350 exemplum
425 319 462 342 ea
483 309 675 348 afferuntur,
701 317 782 347 quae
811 308 850 339 de
875 308 1123 349 Agamemnone
1151 317 1185 342 et
1204 311 1361 354 Priamo,
1384 314 1454 348 foe-

173 378 175 381 ·
217 365 296 397 dera
321 364 453 405 icturis,
477 366 652 397 memorine
676 366 805 403 prodita
831 373 917 398 sunt.
983 386 994 398 .
1124 387 1138 401 ·
1264 391 1276 402 .
1364 380 1438 412 pag.
1464 381 1538 413 352.

247 419 279 464 §-
301 428 336 459 4.
383 420 430 450 Ut
457 418 488 450 in
516 418 730 462 foederibus,
758 421 803 453 ita
826 422 858 454 in
884 423 972 454 omni
1000 431 1115 464 pacto,
1138 424 1172 457 in
1198 424 1275 459 fidei
1304 425 1450 457 testimo-

212 475 302 508 nium
329 475 461 507 dextras
477 473 668 516 jungebant.
837 500 850 513 .
980 500 990 510 .
1123 501 1134 512 .
1266 502 1277 513 .
1407 502 1418 513 .
1464 492 1540 524 353.

244 532 274 578 ς.
298 540 331 571 5.
378 532 520 563 Primum
551 532 617 566 fere
644 533 678 565 in
713 532 898 567 foederibus
935 534 1142 576 statuebant,
1176 542 1214 568 ut
1242 544 1296 567 res
1328 537 1451 570 ablatae

173 587 180 595 ¹
210 589 444 621 redderentur:
469 589 557 627 quod
579 599 610 622 e.
635 598 667 630 g.
693 589 725 621 in
747 588 888 622 foederis
910 589 950 621 de
970 589 1111 621 Menelai
1135 596 1168 621 et
1194 589 1321 621 Paridis
1346 602 1455 630 μονο-

211 645 331 689 μαχίᾳ
352 644 423 683 lege
449 644 488 674 ab
508 644 653 676 Hectore
679 651 714 676 et
733 644 979 685 Agamemnone
1002 645 1125 678 factum
1146 653 1219 685 est,
1242 655 1381 686 quorum
1401 646 1456 677 hic

212 701 311 733 etiam
336 699 446 743 τίμην
469 709 486 730 a
502 699 652 740 Trojanis
678 701 802 742 exegit.
847 703 883 733 Si
903 710 981 734 vero
1003 701 1108 733 ablata
1132 712 1197 734 non
1216 702 1453 740 redderentur,

212 767 275 790 nec
296 757 449 799 singulari
470 757 644 789 certamine
669 766 721 788 res
746 758 786 789 ad
811 757 908 790 finem
937 765 1025 790 esset
1047 759 1201 798 perducta
1217 782 1228 798 ‚
1252 758 1348 790 armis
1373 765 1458 788 con·-

215 813 412 853 currebant‚
434 821 495 844 nec
517 811 600 843 dolis
618 810 716 844 etiam
737 812 966 854 abstinebant,
981 813 1100 853 quibus
1118 815 1244 847 hostem
1266 813 1454 854 perderent.

212 867 312 908 Quod
337 866 393 899 vel
414 875 518 907 equus
534 866 660 908 ligneus
685 867 802 906 probat
815 892 827 908 ‚
850 868 906 909 qui
930 878 972 902 ex
990 871 1061 901 fato
1083 868 1203 910 Trojae
1221 867 1294 900 urbi
1313 864 1455 899 exitialis

209 920 275 954 fuit
294 921 448 961 belloque
472 920 617 961 Trojano
640 920 737 954 finem
756 923 860 958 dedit.
974 948 988 960 .
1114 947 1127 960 .
1259 945 1272 957 ·
1401 942 1414 954 ο
1457 928 1536 961 353·

125 1019 302 1054 Addenda.
405 1039 419 1052 .
550 1042 563 1056 .
693 1041 707 1055 .
837 1041 849 1055 .
978 1043 993 1060 .
1120 1044 1133 1057 .
1263 1043 1276 1056 .
1402 1036 1417 1051 ο
1459 1028 1535 1060 357·

129 1120 237 1167 Index
259 1118 421 1152 Graecus.
552 1140 565 1152 .
694 1141 708 1154 .
837 1140 851 1155 .
977 1142 991 1155 .
1118 1141 1130 1155 ·
1260 1136 1291 1154 -1
1399 1139 1412 1152 ·
1459 1116 1535 1160 369·

617 2151 1040 2188 ERRATA.

126 2265 208 2305 Pag.
236 2269 310 2303 142.
334 2267 395 2302 pro
419 2258 590 2300 δέπαδας
612 2268 647 2295 et
670 2259 836 2300 δέπαδες
855 2255 1002 2306 χρυσέοι
1023 2262 1090 2305 leg.
1118 2261 1271 2295 δέπαδα
1290 2281 1332 2290 -
1353 2259 1502 2308 χρυσία.
