1780 3120
182 142 215 207 4
539 137 1210 198 ANTIQUITAS

189 288 306 338 quos
347 273 535 335 propter
570 269 794 316 factorum
832 276 909 315 aut
941 268 1184 316 utilitatem
1220 280 1299 319 aut
1328 273 1606 335 magnitudi-

191 354 303 387 nem
343 335 531 382 honoris
569 352 704 381 causa
744 334 951 380 Deorum
992 335 1169 398 prolem
1211 336 1601 401 praedicabant1.

191 401 374 450 Deinde
393 400 613 456 invaluit,
646 407 699 445 ut
716 397 893 444 Heroe's
921 398 1204 447 haberentur
1219 402 1385 448 virtute
1401 404 1604 461 insignes

192 468 282 519 viri
311 483 336 512 e
361 466 460 512 Deo
486 466 638 512 Deave
667 464 906 528 prognati,
939 463 1082 511 iidem
1113 468 1191 531 qui
1218 466 1438 514 semidei.
1494 454 1604 516 ‘He-

194 533 331 580 roicis
383 527 668 594 temporibus
717 530 924 574 Deorum
964 545 1184 577 numerus
1222 540 1466 596 propterea
1504 535 1604 580 sine

194 596 335 645 modo
357 596 532 651 crevit,
584 593 711 658 quod
757 603 804 639 et
847 592 1196 661 quibuscunque
1241 595 1409 644 mundi
1458 616 1510 646 ac
1544 599 1608 645 vi-

193 672 269 710 tae
310 661 539 707 humanae
571 658 782 723 partibus
817 658 893 705 vel
938 659 1140 722 singulos
1184 660 1257 709 vel
1289 662 1442 725 plures
1478 680 1610 728 prae-

197 743 318 783 esse,
352 734 399 771 et
429 725 610 782 omnia,
644 740 759 789 quae
788 722 1006 770 mortales
1044 727 1210 773 eximia
1241 727 1527 790 cogitarent,
1556 729 1616 775 fa·

197 800 381 850 cerent,
416 790 652 852 dicerent,
686 789 891 835 Deorum
919 790 1112 838 numine
1136 792 1237 838 fieri
1271 793 1612 853 existimarent,

195 859 263 907 ita
297 865 351 902 ut
392 857 615 919 cogitata,
651 854 795 912 facta,
838 853 989 912 dicta,
1038 856 1340 921 cupiditates,
1386 858 1615 916 affectus,

197 921 373 977 verbo,
417 920 622 967 humana
675 920 829 966 omnia
867 920 918 966 in
947 920 1154 968 Deorum
1197 932 1423 986 potestate
1467 924 1616 988 posita

200 1005 299 1035 esse
318 1025 329 1046 ,
357 994 402 1032 et
437 1003 462 1031 a
487 985 692 1032 numinis
723 983 967 1047 cujusdam
996 987 1041 1033 vi
1067 986 1273 1051 pendere
1314 988 1402 1035 sibi
1431 1006 1619 1053 persua-

199 1071 306 1102 sum
336 1050 563 1097 haberent
585 1062 621 1096 2.
683 1050 835 1096 Deum
859 1065 983 1107 esse,
1019 1068 1252 1099 summum
1284 1052 1459 1100 bonum
1483 1053 1620 1100 habe-

199 1118 346 1177 bant3
380 1116 618 1182 proximus
657 1115 738 1181 qui
767 1115 867 1161 Deo
906 1125 1028 1173 erat,
1062 1119 1272 1181 proxime
1301 1118 1359 1166 ad
1385 1135 1622 1166 summum

199 1182 380 1283 bonugn
411 1180 685 1242 accedebat,
720 1188 767 1227 et
797 1185 884 1236 θετες
911 1179 1182 1245 dicebatur,
1218 1189 1283 1233 Δῖὶ
1315 1188 1414 1249 φίλος
1448 1182 1523 1234 vel
1551 1186 1622 1233 διο-

203 1270 311 1316 γενῆς
358 1284 370 1297 ·

471 1515 781 1567 CAPUT
847 1517 1384 1568 SECUNDUM.

410 1655 479 1688 DE
514 1655 740 1689 DEORUM
773 1657 1150 1693 SINGULORUM
1183 1655 1436 1690 OFFICIO-

281 1816 320 1878 ξ.
361 1832 399 1861 1.
467 1789 711 1862 Humana
728 1815 882 1862 omnia
907 1814 966 1860 ad
984 1816 1128 1873 Deos,
1162 1822 1214 1860 ut
1232 1814 1432 1861 vidimus
1448 1853 1459 1871 ,
1484 1822 1632 1860 trans-

221 1882 430 1929 serebant
461 1879 653 1939 Graeci,
689 1898 781 1945 quo
809 1881 1010 1938 factum,
1047 1889 1123 1938 ut,
1156 1897 1262 1926 suae
1298 1880 1388 1927 sibi
1426 1879 1637 1927 imbecil-

221 1947 362 1994 litatis
407 1946 607 2002 conscii,
649 1962 737 1991 nec
784 1964 932 1992 unum
970 1962 1148 1992 numen
1187 1946 1340 1991 onmia
1382 1946 1434 1992 in
1477 1962 1636 1991 rerum

222 2021 386 2060 natura
422 2013 643 2076 perficere
679 2027 731 2056 ac
761 2010 992 2058 moderari
1022 2027 1154 2075 posse
1185 2019 1458 2066 statuerent,
1507 2019 1552 2056 et
1588 2011 1640 2055 in

221 2078 430 2125 Deorum
464 2076 598 2124 turba
631 2075 727 2123 aliis
757 2076 862 2123 alias
896 2085 1049 2139 partes
1081 2093 1132 2122 ac
1170 2093 1362 2121 munera
1393 2074 1640 2122 distributa

225 2160 327 2191 esse
352 2142 443 2190 sibi
476 2141 826 2207 persuaderent.
894 2144 1038 2201 Zeus,
1074 2141 1216 2187 Croni
1237 2150 1283 2186 et
1311 2140 1465 2186 Rheae
1494 2139 1642 2194 filius,

226 2218 422 2274 paterno
449 2223 594 2270 regno
616 2225 722 2254 cum
744 2207 964 2255 fratribus
981 2205 1239 2253 Poseidonc
1261 2214 1306 2251 et
1320 2205 1451 2252 Hade
1469 2206 1615 2252 diviso
1630 2245 1641 2263 ,

229 2273 346 2322 coeli
376 2273 625 2340 imperium
662 2273 850 2321 sortitus
886 2281 957 2320 est
999 2282 1045 2320 et
1076 2279 1401 2337 tempestatum
1433 2271 1642 2317 modera-

1535 2352 1646 2383 Illsstl

278 2470 323 2514 ι)
350 2469 403 2506 Cf.
424 2469 462 2504 P.
478 2469 516 2504 F.
532 2469 572 2502 A.
589 2469 709 2504 Nitseh
729 2470 793 2515 Op.
812 2467 838 2505 l.
864 2475 945 2504 tom.
967 2468 1012 2505 II.
1037 2480 1071 2512 p.
1089 2479 1147 2512 101
1173 2479 1264 2513 seqq.
1300 2475 1334 2502 et
1358 2466 1401 2503 G.
1419 2466 1485 2501 W.
1511 2463 1648 2498 Nitzsch

231 2527 296 2571 Op.
318 2525 344 2560 l·
367 2536 496 2571 procm.
533 2535 566 2568 p.
589 2526 630 2558 13
660 2537 754 2569 seqq·
936 2523 983 2566 2)
1019 2521 1074 2556 Cf·
1099 2521 1144 2556 G·
1168 2521 1236 2558 XV.
1262 2522 1397 2556 Nitzsch
1429 2521 1467 2555 ad
1494 2520 1554 2554 (M.
1577 2519 1650 2562 III,

233 2583 398 2616 26-202
424 2578 506 2623 ibiq.
527 2577 618 2612 locos
643 2578 684 2611 ab
707 2591 746 2612 eo
767 2579 890 2612 citatos
912 2586 947 2611 et
970 2577 1011 2610 ad
1036 2576 1072 2620 1,
1096 2577 1152 2610 53.
1270 2576 1316 2619 5)
1344 2577 1431 2610 Hinc
1457 2575 1522 2617 adj.
1550 2577 1654 2611 θεῖος

234 2634 385 2668 Homero
410 2633 599 2677 generatim
623 2641 721 2668 notat
743 2633 1174 2678 eximiumfflraestantem
1200 2630 1321 2667 virum.
1370 2631 1423 2666 cf.
1450 2631 1539 2665 itura
1566 2631 1603 2666 1..
1624 2629 1651 2668 Ι.

235 2701 266 2725 c.
293 2703 325 2725 ἡ.
357 2691 389 2735 ᾗ.
415 2690 448 2724 6-
