1780 3120
207 124 307 196 294
584 121 1264 197 'ANTIQUITAs

345 254 437 304 Οἷσι
468 260 533 303 νῦν
564 257 695 320 Βροτοί
712 254 781 305 εἵσ’
797 272 809 285 ·
837 263 857 303 ὃ
878 257 919 305 δέ
943 278 1007 319 μιν
1025 258 1095 322 ῥέα
1120 261 1240 306 πάλλε
1267 262 1334 305 καὶ
1362 257 1428 313 οἶος
1450 268 1488 308 ¹.

208 322 283 382 Ex
306 322 452 369 muris
486 332 724 387 praeterea
753 323 805 369 in
830 322 1083 371 irruentem
1102 322 1282 372 hostem
1306 324 1486 391 lapides
1508 337 1631 375 con‘c·

208 391 419 454 jecerunt
451 389 626 435 Danai:

342 490 353 500 .
393 491 404 502 .
444 489 455 502 .
494 491 504 501 .
540 454 794 517 χερμαᾶὲισιν
825 458 1016 518 ἐϋδμήτων
1032 459 1104 502 ἀπὸ
1128 459 1276 518 πύργων

337 523 504 576 Βάλλαν,
542 527 756 580 ἀμυνόμενοι
783 542 821 569 κ.
847 542 884 568 τ-
919 526 957 567 λ.
981 532 1017 565 2.

268 582 306 647 §.
345 585 391 631 6.
462 587 648 633 Praeter
677 603 827 644 arma,
862 585 1030 651 quibus
1069 586 1234 633 heroas
1277 584 1550 652 plerumque
1575 587 1626 634 in

201 667 357 715 pugna
394 668 500 698 usos
532 668 630 697 esse
668 669 806 715 supra
838 652 1065 709 diximus,
1114 652 1373 716 bipenneS‚
1419 655 1545 706 ἀξίνας
1577 661 1624 700 et

199 721 356 770 πελέκεις
378 754 389 773 ,
426 719 637 783 quamvis
668 735 799 774 ram,
846 736 934 765 nec
962 718 1153 763 fortasse
1186 718 1273 763 nisi
1314 733 1365 762 re
1398 726 1590 779 urgente
1609 755 1623 775 ‚

197 799 443 846 usurpasse
479 792 669 829 testatur
709 784 954 830 Homerus.
1025 783 1095 828 Eo
1120 784 1245 829 enim
1280 798 1514 828 armorum
1550 799 1625 844 ge-

198 864 311 894 nere
351 849 615 895 Menelaum
657 850 839 913 excepit
886 848 1135 907 Pisander,
1179 849 1260 914 qui
1296 863 1405 893 ense
1445 848 1505 895 ab
1542 846 1623 896 ad-

200 915 403 961 versario
451 915 628 979 petitus

337 1013 649 1027 .......
686 976 747 1024 ὑπ’
775 981 925 1031 ἀσπίδες
952 983 1067 1025 εἵλετο
1089 982 1207 1032 καλὴν

325 1042 478 1099 Ἀξίνην
502 1042 705 1106 εἷ’-χαλκοῖ),
741 1047 873 1108 ἐλαΐνῳ
903 1051 998 1108 ἀμφὶ
1033 1048 1222 1108 πελέκκῳ,

324 1109 481 1172 Μακρῷ
505 1149 514 1163 ,
552 1112 736 1172 ἐϋξέστῳ·
762 1108 798 1153 3.

192 1176 265 1224 Ex
301 1175 467 1241 quibus
499 1177 671 1222 Poetae
719 1174 875 1222 verbis
919 1178 1050 1230 ἀξίνην
1099 1191 1278 1222 aeream
1313 1183 1359 1221 et
1404 1174 1613 1241 oleagino

189 1242 435 1288 manubrio
461 1243 690 1305 insignem
708 1241 844 1286 fuisse
868 1250 1074 1306 apparet.
1143 1243 1197 1287 In
1226 1258 1379 1304 pugna
1398 1258 1422 1286 a
1450 1243 1610 1307 Troja-

187 1308 260 1354 nis
280 1307 481 1353 Hectore
511 1307 629 1354 duce
659 1304 717 1352 acl
743 1305 1025 1354 Graecorum
1054 1323 1188 1353 naves
1210 1307 1476 1367 commissa,
1505 1325 1617 1359 cum

188 1371 287 1420 aliis
318 1373 457 1419 armis
476 1409 488 1430 ‚
525 1382 625 1419 tum

320 1438 458 1491 Ὀξέσι
485 1441 530 1493 δὴ
562 1443 758 1485 walensem
785 1443 850 1483 καί
872 1441 1043 1500 ἀξίνῃσιν
1066 1446 1230 1500 μάχοντο
1251 1437 1291 1484 4.

186 1501 239 1552 in
266 1520 357 1570 quo
390 1503 565 1568 proelio
597 1506 852 1562 acerrim0‚
903 1513 1137 1568 praeterea
1171 1504 1239 1550 usi
1271 1519 1368 1550 esse
1388 1502 1612 1550 dicuntur

319 1571 513 1632 Μακροῖσι
534 1578 722 1626 ζυῑτοΐσι,
757 1575 805 1616 τοὶ
831 1574 882 1632 ῥά
905 1567 968 1633 σφ’
999 1576 1056 1615 ε’πί
1087 1578 1210 1623 νηυσὶν
1236 1571 1351 1616 ἔκειτο

316 1637 521 1698 Ναύμαχα
539 1674 550 1693 ,
586 1640 785 1688 κολλήεντα
804 1671 816 1693 ,
851 1642 948 1682 κατὰ
979 1641 1102 1694 στόμα
1120 1643 1243 1694 εἱμένα
1259 1638 1394 1696 χαλκῷ
1416 1633 1454 1680 5.

184 1700 315 1761 Quae
360 1704 478 1756 ξυστά
519 1707 700 1763 ναύμαχα
745 1701 792 1746 in
832 1704 1012 1766 apicem
1061 1716 1257 1745 aeneum
1304 1698 1609 1761 desinebant,

183 1775 284 1814 κατὰ
316 1774 439 1828 στόμα
465 1774 591 1829 εἶμενα
626 1768 785 1829 χαλκῷ,
822 1776 868 1812 et
912 1783 965 1812 ex
1002 1765 1260 1811 minoribus
1293 1764 1468 1829 aliquot
1494 1782 1608 1813 con-

182 1832 241 1878 tis
280 1842 522 1898 compacta
564 1833 787 1879 videntur
836 1830 990 1892 (unde
1041 1834 1238 1883 κοὶλήευτα
1279 1833 1397 1885 ξυστά
1439 1830 1608 1879 dicun-

182 1905 258 1943 tur
282 1898 361 1961 6),
396 1899 476 1964 qui
500 1897 683 1945 annulis
720 1895 795 1942 vel
831 1898 917 1944 alio
949 1913 1227 1962 quocunque
1263 1894 1472 1952 vinculo,
1508 1902 1608 1954 βλή-

183 1983 300 2026 τροισι
324 1974 370 2022 7,
432 1965 580 2027 juncti
631 1961 925 2011 tenebantur.
1011 1962 1157 2008 Tanta
1203 1978 1313 2008 vero
1356 1961 1604 2024 aliquando

180 2031 301 2084 ξυστά
335 2030 451 2075 facta
492 2039 625 2091 sunt,
671 2037 726 2074 ut
769 2029 845 2076 vel
892 2029 1053 2094 viginti
1096 2028 1296 2075 duorum
1339 2026 1606 2077 cubitorum

180 2094 318 2142 fuisse
345 2095 551 2143 ferantur
572 2096 609 2143 8.

243 2159 284 2222 §.
324 2160 369 2208 7.
443 2162 655 2226 Denique
691 2161 834 2209 semel
861 2163 910 2209 in
931 2161 1076 2208 Iliade
1105 2161 1255 2208 clavae
1276 2197 1287 2216 ‚
1324 2163 1472 2219 κορύνης
1492 2197 1503 2216 ,
1547 2160 1597 2207 in

180 2242 337 2290 pugna
363 2245 497 2274 usum
513 2229 724 2274 meminit
738 2229 995 2284 Homerus,
1021 2229 1082 2274 ita
1104 2237 1259 2273 tamen
1284 2233 1334 2270 ut
1350 2224 1599 2273 Nestorem

175 2292 311 2338 faciat
361 2303 628 2340 narrantem
655 2330 667 2352 ‚
715 2310 763 2340 se
807 2296 1026 2360 juvenem
1076 2291 1322 2358 aliquando
1367 2307 1597 2353 pugnasse

1491 2374 1599 2407 Cum

219 2504 257 2548 1)
283 2504 362 2548 XX,
393 2506 461 2540 285
479 2517 574 2551 seqq.
627 2504 757 2539 Eadem
792 2505 833 2540 de
871 2503 1041 2539 Diomede
1071 2502 1230 2547 leguntur
1253 2499 1296 2535 11.
1320 2498 1373 2543 V,
1406 2500 1470 2534 302
1498 2511 1595 2546 seqq,

173 2557 212 2601 2)
237 2558 280 2594 ll.
305 2558 391 2604 XII,
418 2562 483 2594 154
505 2572 576 2605 seq.
708 2560 744 2604 5)
770 2560 811 2596 11.
837 2559 918 2593 Xlll
936 2587 944 2601 ‚
968 2561 1031 2594 611
1057 2569 1149 2603 seqq.
1279 2553 1317 2597 4)
1344 2553 1385 2590 Il·
1412 2554 1488 2595 XV»
1515 2567 1594 2600 712,

171 2612 213 2656 5)
239 2612 281 2648 11.
317 2613 356 2648 L.
381 2614 403 2650 1.
439 2625 490 2651 vs.
519 2615 585 2649 388
615 2625 688 2660 seq.
850 2614 888 2657 6)
925 2612 970 2649 11.
1006 2613 1043 2648 L.
1077 2613 1100 2649 l.
1137 2621 1186 2644 n-
1221 2609 1299 2656 389·
1334 2616 1370 2644 ‘⁸
1399 2608 1489 2656 XV,
1511 2612 1594 2658 ⁶77-

161 2664 200 2712 7)
234 2665 317 2705 vid.
340 2667 383 2706 11.
406 2667 489 2714 XV,
514 2669 596 2714 678.
715 2666 754 2713 8)
780 2667 858 2705 vid.
887 2667 932 2706 n.
952 2666 993 2703 1..
1016 2666 1040 2703 1,
1063 2676 1111 2703 u.
1132 2664 1195 2700 cit.
