1780 3120
619 179 1200 235 HOMERICA:
1544 194 1601 241 81

186 311 266 362 „hi
288 323 334 371 s,
367 310 573 360 aliorum.
640 310 791 358 Immo
830 328 941 359 vero
958 349 972 370 ‚
1004 310 1085 360 ubi
1112 313 1397 366 imminentis
1426 322 1604 385 pericu·

188 378 221 425 li
255 394 387 425 causa
425 376 670 423 conciones
704 386 858 423 essent
903 375 1174 438 habendae,
1218 383 1298 447 qui
1331 385 1508 447 primus
1545 388 1605 436 il-

188 441 272 488 lud
298 450 573 506 cognoverat
612 443 838 507 populum
873 446 1048 506 ἀγορήνδε
1083 444 1160 492 vel
1187 453 1235 499 εἷς
1273 451 1410 505 βουλήν
1430 453 1604 511 princi·

187 523 269 571 pes
300 507 581 555 convocabat
603 519 641 556 ².
709 507 858 554 Heros
879 509 1007 554 enim
1037 510 1294 576 Aegyptius
1317 531 1462 577 quum
1484 516 1606 564 Itha-

187 588 348 621 censes
363 611 374 632 ,
397 573 565 638 quibus
579 581 732 629 antea,
748 573 863 618 dum
882 572 1062 621 abesset
1084 576 1275 640 Ulysses
1288 614 1300 636 ‚
1318 595 1469 645 neque
1492 582 1603 646 α’γορὴ

184 635 336 685 fuerat
363 656 451 685 nec
479 644 632 695 θόωκες,
669 646 965 699 congregatos
992 641 1266 702 miraretur,

317 707 402 751 Νῦν
426 706 487 762 δὲ,
520 703 700 767 inquit,
735 711 788 756 τίς
810 701 877 748 ὧδ’
895 703 1047 767 ἧγειρεε,
1082 715 1162 754 τίνα
1183 713 1300 769 χρειὼ
1328 715 1432 758 τόσον
1447 717 1547 772 ἵκει,

302 768 372 816 Ἠὲ
393 776 480 815 νέων
503 769 670 831 ἀνδρῶν,
702 768 726 822 ἣ
757 774 791 812 οἳ
821 777 1099 834 προγενέστεροί
1119 778 1230 829 εἷσινς

302 833 371 880 'He
406 867 710 883 .......
743 835 805 879 ὅτε
830 840 1000 897 πρότερός
1019 857 1060 898 γε
1083 842 1226 885 πύθοιτο
1248 839 1285 887 3.

249 897 288 960 §.
324 897 369 945 3.
435 897 674 962 Disposita
699 906 829 944 erant
850 900 899 945 in
929 902 1229 950 concionibus
1259 904 1445 966 sedilia,
1478 910 1605 974 ἔδραὶ,

183 962 353 1031 quibus
396 963 657 1012 consideret
694 980 792 1009 non
828 963 1027 1029 populus
1073 977 1255 1014 tantum
1278 971 1328 1029 4,
1374 972 1456 1019 sed
1498 991 1608 1022 con-

187 1028 361 1094 gregati
399 1029 616 1076 universe
657 1044 850 1091 omneS‚
894 1031 1032 1077 etiam
1074 1034 1313 1098 principes
1337 1037 1384 1095 5,
1430 1040 1510 1104 qui
1541 1049 1611 1088 ta-

186 1111 298 1142 men
337 1094 461 1159 apud
505 1094 738 1140 Phaeaces
779 1095 937 1146 ξεστεῖσι
978 1100 1106 1144 >fisco-c
1168 1100 1443 1162 insidentfi,
1491 1122 1609 1170 quae

187 1158 322 1205 sedes
351 1161 402 1206 in
428 1158 620 1206 Achillis
651 1157 814 1222 clypeo
851 1164 938 1221 ἱερῷ
969 1166 1018 1206 ἐνὶ
1058 1167 1181 1225 κύκλῳ
1220 1164 1396 1211 essictae
1429 1178 1474 1215 et
1512 1170 1613 1217 dis-

189 1225 365 1288 positae
390 1232 708 1271 memorantur
731 1233 767 1268 7.
836 1226 929 1284 Qui
955 1241 1111 1273 coram
1148 1230 1369 1276 concione
1397 1231 1607 1281 dicturus

190 1298 318 1349 erat,
351 1299 536 1354 sceptro
574 1308 599 1336 a
633 1305 863 1352 praecone
899 1301 1087 1356 accepto
1109 1294 1165 1353 8,
1200 1312 1389 1360 surgens
1424 1300 1475 1345 in
1511 1317 1610 1348 me-

189 1354 264 1400 dia
287 1356 598 1420 praesentium
614 1370 797 1408 ,corona
817 1354 1042 1402 adstabat.

317 1422 467 1483 Σπευὸᾗ
489 1423 525 1467 δ’
542 1424 642 1474 ἐ’ζετο
672 1423 757 1472 λαὸς
777 1456 789 1477 ,
822 1426 994 1481 έρήθυτεν
1019 1423 1059 1468 δὲ
1081 1422 1167 1469 καθ’
1187 1426 1298 1487 ’ἕδρας

321 1489 562 1547 Παυσάμενοι
588 1490 753 1547 κλαγγῆς
770 1501 780 1510 ·
816 1490 888 1530 ἀνὰ
923 1487 962 1532 δὲ
984 1496 1114 1550 κρείων
1134 1488 1386 1551 Ἀγαμέμνων

303 1550 438 1604 ''Eo-:77
453 1588 464 1609 ,
501 1563 688 1613 σκῆπτρον
712 1551 813 1610 ἔχων
838 1560 874 1595 9.

187 1612 349 1664 Iliadis
370 1631 478 1664 vero
505 1614 626 1662 libro
647 1614 832 1661 decimo
867 1632 992 1664 nono
1026 1617 1192 1665 sedens
1218 1624 1515 1672 concionatus
1536 1636 1606 1674 est

185 1684 506 1746 Agamemnon

319 1748 478 1792 Αὑτόθεν
501 1748 544 1801 ἐξ
572 1747 680 1807 ἕδρης
698 1781 710 1802 ,
745 1747 818 1793 οὐδ’
840 1751 878 1792 ἐν
912 1757 1102 1808 μέσσοισιν
1133 1759 1295 1806 &manig
1309 1765 1368 1799 ¹0.

190 1811 473 1858 Concionem
516 1812 711 1873 ingressi
746 1813 1015 1860 ithacenses
1045 1814 1392 1866 admirabantur
1419 1855 1435 1880 ,
1484 1821 1609 1886 quod

187 1875 494 1923 Telemachus

305 1946 444 1995 ’Έζετο
466 1945 503 1985 ἐν
525 1945 662 2002 πατρὸς
690 1943 797 2004 θώκῳ
812 1978 825 2001 ,
858 1939 959 1998 εἶξαν
980 1946 1020 1992 δὲ
1045 1952 1208 2011 γέροντες
1222 1960 1276 1995 1¹.

190 2015 350 2054 coacta
383 2021 490 2054 vero
513 2020 733 2053 concione

1519 2089 1620 2135 Οὐδ’

233 2215 271 2261 ι)
298 2214 452 2252 vid-Od.
469 2220 523 2261 11,
548 2228 581 2263 7.
676 2217 715 2262 2)
741 2218 822 2255 Vid.
846 2219 910 2254 Od.
935 2218 975 2255 L.
994 2218 1024 2255 1.
1052 2228 1100 2255 vs.
1116 2222 1160 2256 28
1184 2231 1277 2268 seqq.
1372 2225 1411 2269 3)
1437 2226 1505 2264 Od.
1528 2229 1567 2265 L.
1583 2228 1613 2263 1.

188 2282 238 2305 vs.
259 2272 303 2306 28
322 2282 417 2315 seqq.
544 2270 583 2314 4)
611 2269 664 2306 Cf.
698 2272 791 2306 infra
822 2277 852 2320 ᾗ.
878 2276 914 2310 4.
961 2273 1204 2310 Tumultuosae
1237 2276 1327 2311 haud
1353 2292 1433 2315 raro
1468 2281 1610 2318 suerunt

192 2322 307 2369 populi
328 2324 528 2370 conciones,
550 2324 600 2358 ita
624 2332 663 2359 ut
684 2326 738 2360 vix
769 2327 812 2361 ad
835 2327 930 2362 sedes
954 2327 1133 2372 capiendas
1156 2330 1228 2374 cogi
1251 2340 1375 2376 posset.
1424 2335 1504 2371 vid.
1524 2349 1554 2372 e.
1577 2349 1612 2381 g.

190 2377 234 2413 Il.
257 2377 311 2416 II,
335 2379 380 2423 95
404 2390 496 2423 seqq.
520 2377 618 2424 XIX,
643 2381 684 2425 78
705 2392 798 2426 seqq.
948 2381 986 2425 5)
1014 2381 1081 2423 Qui
1114 2384 1234 2428 primis
1250 2409 1259 2424 ,
1295 2394 1334 2420 ut
1366 2387 1521 2434 videtur,
1554 2403 1613 2425 se-

191 2430 292 2465 dibus
323 2432 537 2477 insidebant,
569 2434 606 2465 ἐν
639 2434 766 2479 πρώτῃ
806 2435 918 2479 ἀγορῇ
949 2444 988 2470 ut
1014 2435 1058 2471 Il.
1077 2436 1173 2482 XIX,
1197 2439 1252 2474 50.
1370 2441 1408 2484 6)
1436 2442 1516 2478 Vid.
1547 2442 1613 2478 Od.

193 2483 302 2528 VIII,
327 2488 359 2521 6.
455 2486 491 2533 7)
518 2486 599 2523 vid.
624 2487 667 2523 ll.
689 2488 824 2533 XVIII,
848 2493 915 2526 504
934 2490 1017 2535 ibiq.
1044 2491 1154 2536 Heyn.
1179 2492 1261 2529 Yar.
1287 2493 1395 2530 Lectt.
1417 2502 1450 2529 et
1471 2495 1612 2530 Observ-

195 2537 234 2582 8)
262 2538 342 2575 vid.
359 2538 394 2576 h.
419 2540 460 2576 L.
484 2553 514 2577 c.
535 2543 570 2577 4.
599 2544 630 2588 §·
653 2544 672 2576 6
693 2542 728 2575 in
751 2541 829 2579 fine.
925 2544 962 2590 9)
989 2545 1030 2581 Il.
1050 2545 1105 2589 II,
1131 2559 1173 2591 99
1195 2559 1288 2592 seqq.
1384 2548 1444 2591 10)
1471 2549 1530 2586 VS.
1555 2564 1610 2597 77.

194 2593 237 2627 ad
261 2605 295 2638 q.
318 2594 387 2631 vid.
406 2594 521 2632 schol.
544 2603 579 2630 et
607 2595 780 2642 Interpr.‚
813 2598 935 2644 quibus
961 2611 1027 2633 non
1059 2601 1219 2634 convenit
1249 2602 1290 2634 de
1321 2602 1451 2648 causis,
1487 2604 1611 2648 quibus

196 2646 325 2681 sactum
344 2648 410 2693 sit,
433 2657 473 2684 ut
497 2662 517 2684 a
549 2651 822 2686 concionantium
856 2665 949 2687 more
984 2652 1162 2688 recederet
1191 2656 1436 2697 Agamemnon.
1482 2656 1534 2693 De
1558 2659 1614 2695 hi,

197 2700 280 2738 silet
304 2700 494 2750 Homerus,
516 2716 617 2750 quem
634 2705 821 2751 sequimur.
916 2706 975 2751 ιι)
1000 2707 1066 2744 Οά,
1091 2706 1151 2752 11,
1175 2711 1232 2743 14.

1188 2760 1217 2794 Ε
1228 2801 1231 2804 ,
