1780 3120
208 156 266 204 16
578 151 1265 210 ANTIQUITAS

228 284 466 350 letumque
509 279 801 331 administrat
825 293 839 314 ¹
860 319 871 340 ,
906 282 970 329 ita
997 291 1049 329 ut
1075 281 1162 331 hoc
1206 291 1386 331 tantum
1411 288 1603 334 nomine

188 302 382 398 {lomeri
417 355 564 394 aetate
591 345 998 410 sacerdotio-fungi
1028 347 1120 393 dici
1152 349 1294 412 possit
1316 361 1352 395 2.

255 416 293 479 ξ.
328 431 372 461 2.
438 411 618 471 Quibus
643 428 756 458 vero
779 409 892 458 locis
930 411 1107 476 templa
1136 413 1185 458 in
1224 414 1429 461 Deorum
1460 414 1603 464 liono-

187 498 289 528 rem
317 486 571 535 exstructa,
613 475 688 524 vel
705 480 828 523 ἑέλσεα
856 486 902 523 et
922 487 1051 538 τεμένη
1085 487 1351 524 consecrata
1379 479 1568 528 fuerunt
1587 519 1600 540 ,

187 544 354 594 iisdem
386 541 645 589 sacerdotes
689 540 908 600 aderant,
943 544 1023 607 qui
1058 559 1131 588 res
1179 543 1354 589 divinas
1388 543 1601 605 obirent,

188 627 306 676 quos
330 606 470 655 modo
501 621 677 669 μαντεῒς,
709 606 850 653 modo
883 615 1030 669 ἱερῆας,
1066 606 1174 654 alibi
1202 606 1334 654 aliter
1366 621 1604 674 nuncupat

186 677 421 724 Homerus
440 710 452 730 ‚
477 673 669 719 nomine
701 689 727 717 a
758 671 949 720 definita
976 674 1186 738 ipsorum
1212 672 1351 719 officii
1375 682 1503 737 parte
1526 676 1605 721 de-

186 749 353 790 sumto,
421 738 561 793 Ἱερῆας
593 746 819 803 quatenus
856 755 1020 786 omnes
1051 756 1283 785 sacrarum
1317 755 1473 784 rerum
1497 750 1605 787 sunt

185 806 436 872 participes
460 804 508 850 3:
560 816 735 864 μαυτεῖς,
783 804 955 869 quippe
996 804 1076 868 qui
1100 804 1264 868 singuli
1290 804 1496 850 Deorum
1522 822 1606 852 vo·

183 873 408 921 luntatem
445 868 762 934 adsequuntur
788 877 834 914 et
872 870 1023 916 futura
1050 869 1350 933 praevident,
1387 885 1505 933 quae
1533 886 1606 916 ea·-

186 948 323 985 tenus
347 954 372 982 a
393 935 493 982 Diis
513 935 602 998 ipsi
633 935 860 999 accepisse
884 934 1104 981 dicuntur
1126 935 1163 981 4.
1218 932 1424 997 ’,Αρκτῆρες
1446 935 1466 967 5
1486 953 1606 981 nun-

184 1011 440 1068 cupantur,
474 1008 726 1063 quatenUS,
763 1017 879 1063 quae
917 999 993 1045 alii
1028 1017 1054 1045 a
1085 999 1187 1046 Diis
1232 999 1324 1046 sibi
1355 1008 1603 1063 exoptant,

183 1070 276 1134 ipsi
313 1083 421 1114 cum
455 1065 529 1111 his
564 1065 972 1112 communicabant
994 1065 1043 1123 6,
1079 1082 1170 1129 quo
1207 1065 1418 1111 futurum
1448 1064 1609 1110 crede-

184 1133 299 1181 bant
320 1169 332 1191 ,
379 1140 433 1178 ut
465 1128 698 1177 lubentius
736 1147 762 1177 a
802 1131 902 1177 Diis
944 1128 1298 1189 exaudirentur3
1347 1127 1606 1175 sacerdotes

185 1200 312 1246 enim
341 1195 481 1244 medii
522 1194 863 1260 quodammodo
901 1195 1192 1242 habebamur
1223 1193 1436 1242 mortales
1482 1195 1607 1240 inter

187 1274 236 1312 et
269 1265 407 1311 Deos.
473 1261 642 1307 Preces
669 1270 821 1307 tamen
848 1261 1114 1324 frequenter
1151 1262 1241 1322 ipsi
1266 1259 1405 1305 etiam
1439 1256 1604 1306 heroes

186 1331 288 1379 Diis
314 1325 516 1375 fundunt
533 1363 544 1384 ,
580 1335 627 1372 et
653 1342 778 1372 sacra
805 1324 952 1371 facere
978 1325 1146 1389 cuique
1172 1325 1294 1370 licet.

254 1396 293 1459 §.
328 1393 376 1442 3.
448 1391 626 1455 Singuli
673 1390 723 1437 hi
766 1406 924 1437 rerum
971 1406 1204 1437 sacrarum
1242 1389 1442 1436 ministri
1478 1389 1604 1434 Deo-

187 1479 295 1510 rum
325 1458 609 1507 voluntatem
648 1454 841 1520 adsequi
884 1464 1091 1520 possunt.
1171 1454 1297 1501 Hinc
1335 1453 1425 1501 illis
1457 1453 1604 1500 honos

189 1537 237 1575 et
264 1522 522 1573 reverentia
546 1520 674 1569 haud
699 1521 897 1584 vulgaris
927 1518 1144 1580 habetur,
1177 1520 1242 1566 ita
1268 1529 1321 1566 ut
1355 1519 1604 1566 sacerdotis

190 1593 262 1640 sui
293 1589 543 1653 injuriam,
592 1587 722 1651 quasi
763 1586 850 1632 sibi
894 1585 1102 1644 illatam,
1150 1585 1348 1648 graviter
1395 1583 1605 1632 vindicet

187 1659 317 1706 Deus
339 1657 390 1715 83
414 1653 720 1701 reverentiam
757 1667 867 1698 vero
910 1652 1051 1697 etiam
1090 1649 1282 1712 augebat
1317 1658 1452 1696 aetas.
1527 1650 1603 1694 Se-

188 1725 345 1772 niores
375 1719 503 1766 enim
529 1727 575 1763 et
606 1725 752 1763 aetate
783 1717 990 1780 provecti
1014 1716 1109 1761 fere
1134 1714 1392 1761 sacerdotes
1416 1726 1437 1759 9
1472 1712 1607 1777 elige-

190 1788 390 1845 bantur,
425 1783 594 1849 quibus
631 1782 808 1845 longior
846 1782 941 1828 vita
982 1779 1188 1844 (quippe
1235 1788 1347 1825 tunc
1382 1779 1476 1826 solo
1519 1796 1608 1825 usu

191 1872 351 1903 rerum
382 1849 574 1898 scientia
601 1844 986 1912 comparabatur)
1023 1844 1297 1909 prudentiae
1330 1843 1476 1891 fuerat
1507 1861 1606 1890 ma-

196 1921 335 1984 gistra
356 1955 368 1974 ‚
427 1917 555 1978 cujus
612 1912 803 1960 monitis
855 1920 902 1957 et
951 1909 1151 1957 consiliis
1218 1909 1605 1974 obsequerentur.

194 1985 361 2031 Senior
398 1981 553 2037 enim,
607 1979 681 2026 cui
724 1976 898 2039 ingenii
946 1974 1347 2041 perspicacitatem
1382 1992 1493 2021 usus
1531 1975 1608 2020 tri-

195 2049 326 2109 buit,
364 2044 717 2112 praeteritorum
759 2041 1100 2107 comparatione
1145 2040 1355 2086 instituta
1389 2055 1605 2104 praesen-

199 2116 316 2165 tium
340 2121 554 2162 naturam
583 2120 630 2158 et
664 2107 889 2160 rationem
913 2106 1089 2157 facilius
1123 2104 1357 2169 intelligit,
1405 2115 1451 2151 et
1480 2113 1603 2150 utro-

1482 2187 1607 2216 rum-

247 2313 285 2359 1)
309 2313 393 2350 vid.
414 2325 442 2348 e.
467 2325 498 2357 g.
523 2310 586 2347 Od.
607 2309 711 2355 XIII,
737 2310 940 2356 171—186.
1036 2305 1074 2350 2)
1100 2305 1148 2339 Ut
1168 2304 1216 2338 ait
1247 2302 1291 2337 G.
1312 2299 1378 2336 WV.
1400 2299 1537 2334 Nitzsch
1566 2301 1608 2334 ad

199 2368 264 2404 Od.
285 2368 339 2402 III
355 2396 364 2413 ,
387 2370 454 2413 459
474 2379 564 2411 seqq.
591 2377 690 2410 quem
722 2363 763 2397 de
789 2363 883 2396 omni
907 2362 970 2396 hoc
993 2368 1191 2405 argumento
1213 2354 1378 2391 consula&
1497 2354 1534 2399 5)
1561 2355 1610 2390 Ut

201 2423 244 2460 Il.
268 2423 307 2467 Ι,
331 2437 386 2458 22.
408 2429 441 2456 et
461 2421 598 2466 passim.
716 2418 756 2461 4)
781 2418 950 2455 Μιιντεΐς
982 2415 1082 2450 modo
1111 2412 1243 2458 generis
1280 2420 1401 2443 nomen
1435 2415 1504 2442 est:
1537 2408 1606 2444 vid.

202 2477 315 2522 Heyn.
341 2485 376 2511 et
405 2476 513 2522 K'opp.
544 2473 584 2509 ad
610 2473 650 2508 Il.
669 2477 705 2517 1,
730 2475 784 2508 62.
821 2471 958 2515 XXXV,
982 2484 1059 2506 221.
1094 2467 1193 2501 modo
1230 2464 1270 2498 de
1298 2463 1527 2509 peculiaribus
1550 2475 1606 2509 pp.

204 2533 355 2576 dicitur,
379 2530 446 2566 vid.
468 2529 558 2564 infra
581 2541 608 2564 e.
635 2529 686 2563 15.
710 2530 742 2574 §.
768 2541 798 2562 1.
923 2525 962 2568 5)
985 2525 1025 2559 Ε.
1045 2535 1077 2567 g·
1095 2521 1136 2556 Il.
1160 2520 1195 2565 I,
1221 2533 1256 2553 ιι
1277 2547 1285 2561 ,
1310 2521 1388 2552 450.
1492 2517 1529 2560 6)
1555 2517 1609 2551 Ita

203 2595 333 2631 pestem
358 2584 495 2619 Achivis
519 2584 720 2630 deprecatur
740 2580 886 2625 Chryses
908 2578 949 2614 Il.
971 2578 1011 2623 I,
1035 2579 1115 2612 450.
1207 2574 1242 2618 7)
1267 2570 1430 2617 Exemplo
1457 2578 1507 2604 est
1536 2570 1609 2603 Eu-

198 2641 365 2684 rydamas
396 2639 436 2675 11.
457 2639 510 2684 V,
537 2641 611 2684 ²49·
646 2635 876 2680 ὀνειροπόλος
913 2635 1034 2680 γέρων.
1092 2630 1146 2667 Cf.
1178 2627 1219 2664 11.
1241 2627 1277 2672 Ι,
1302 2629 1355 2663 20.
1388 2623 1504 2671 plures
1537 2623 1612 2658 alii.

209 2695 248 2741 8)
275 2694 321 2728 Ut
345 2701 436 2740 patet
457 2706 493 2728 ex
513 2693 556 2731 lt.
577 2692 613 2737 I,
640 2705 659 2737 9
679 2702 768 2735 seqq.
