1780 3120
591 127 1166 201 HOM'ERICA.
1346 110 1350 114 ’
1489 168 1585 219 229

149 281 414 340 'cebantu'r,
448 279 591 346 inque
639 276 800 326 divitis
834 276 921 325 viri
959 294 1064 342 agro
1084 315 1096 338 ‚
1132 276 1190 325 de
1220 296 1312 346 quo
1346 278 1573 343 dicimus,

164 359 256 396 tres
284 363 476 396 numero
505 345 724 393 aderant:
761 357 856 409 τρεῖς
893 341 932 392 δ’
962 344 1027 409 ἄρ’
1060 348 1354 412 ἀμαλλεδετῆρες
1387 349 1577 412 (messo-

161 413 308 477 ribus)
344 421 551 478 ἐφέστασαν
575 421 609 456 ¹.

228 479 270 541 ξ.
307 477 351 526 5.
417 478 610 524 Desecta
654 475 882 522 frumenta
927 492 1124 540 purgare
1180 485 1227 522 et
1264 484 1410 524 terere
1451 478 1576 526 sole:-

157 540 297 603 bamt,
334 560 430 589 non
455 559 564 590 vero
588 539 746 598 domi,
783 551 835 588 ut
859 543 1131 588 nostratium
1156 541 1374 605 plurimi,
1410 545 1492 591 sed
1526 545 1575 591 in

158 610 253 670 agri
286 617 415 675 parte
442 607 668 673 quadam,
701 609 831 670 ἀλωῇ,
867 623 984 673 quae
1029 623 1083 652 eo
1126 606 1318 653 consilio
1350 608 1575 657 instructa

157 681 293 739 atque
325 682 501 738 aptata,
533 679 721 731 ἐϋκτιμένῃ
744 681 788 730 2,
824 680 869 719 et
906 672 1100 728 ceteris,
1137 680 1188 718 ut
1225 671 1434 733 videtur,
1480 677 1576 739 agri

156 739 365 802 partibus
404 737 569 784 editior
607 737 723 793 fuit,
770 752 832 782 ne
867 738 915 782 in
949 736 1250 784 ventilatione
1293 747 1401 785 ante
1427 756 1578 786 secre-

155 812 203 850 ta
226 803 381 850 denuo
415 819 524 850 cum
546 799 752 865 frugibus
776 802 1096 851 miscerentur.
1176 803 1218 849 Ν
1224 812 1413 851 overant
1446 805 1576 851 enim

155 868 497 927 ventilabrum,
529 878 665 925 πτῦον,
701 874 748 913 et
786 866 1076 915 ventilatores
1118 872 1350 933 λικμητῆρκς
1390 886 1573 918 nuncu-

154 932 327 998 pabant
345 972 356 993 ,
391 942 444 980 ut
471 934 521 980 in
551 932 656 979 his:

282 1003 352 1054 Ὠς
379 997 416 1046 δ’
440 997 493 1046 ἔτ’
524 1003 597 1045 ἀπὸ
626 1001 779 1051 πλατέος
811 1004 939 1062 πτυὸφι
958 1002 1127 1060 μεγάλην
1157 995 1241 1046 κατ’
1268 1003 1394 1055 ἀλωὴν

291 1068 508 1128 Θρώσκωσι
536 1070 668 1124 κὺαμει
687 1065 956 1126 μελανόχίκες,
993 1066 1017 1117 ἢ
1046 1066 1224 1126 ε’ρέβινθει
1245 1062 1291 1124 3,

292 1131 413 1193 Πνειῇ
442 1134 510 1176 ὑπὸ
533 1131 665 1192 λιγυρῇ
690 1131 755 1173 καί
785 1132 1009 1192 λικμητῆρος
1040 1132 1140 1194 ἐρωῇ
1157 1144 1168 1156 '

270 1197 350 1249 ‘'D-3
383 1216 423 1244 κ.
458 1214 495 1240 τ.
530 1197 567 1242 7,.
591 1194 629 1241 4.

152 1260 227 1309 vel
254 1268 306 1306 ut
337 1258 425 1306 alio
454 1258 558 1306 loco
589 1257 646 1306 ab
677 1258 839 1307 eadem
869 1275 919 1306 re
956 1258 1096 1309 dueta
1127 1264 1471 1329 comperatione
1500 1283 1575 1314 ce·

156 1327 273 1376 cinit
307 1326 474 1372 Poeta:

286 1392 352 1445 Ὠς
375 1389 412 1437 δ’
433 1389 565 1452 ἄνεμος
586 1394 709 1453 ἄχνας
728 1398 845 1456 φορέει
866 1395 966 1454 ἱερὰς
992 1393 1075 1439 κατ’
1092 1396 1217 1447 ἀλωὰς
1231 1431 1243 1451 ,

280 1457 450 1518 Ἀνδρῶν
470 1461 685 1517 λικμῶντων
704 1495 715 1514 ,
745 1460 807 1504 ἐ’τε
832 1476 871 1503 τε
898 1459 1013 1510 ξανθὴ
1043 1462 1233 1523 Δημήτηρ

291 1524 440 1585 Κρίνῃ,
470 1523 708 1584 ἐπειγομένων
730 1528 874 1582 ἀνέμων
892 1557 903 1579 ,
942 1530 1082 1585 καρπόν
1108 1543 1147 1570 τε
1170 1529 1234 1569 καί
1255 1523 1377 1586 ἄχνας
1392 1541 1404 1553 ·

292 1587 346 1632 Αἱ
373 1585 410 1634 δ’
440 1591 753 1635 ὑπολευκαίνενται
775 1595 984 1649 ἀχυρμιαί·
1025 1590 1075 1641 ὥς
1104 1610 1143 1637 κ.
1166 1609 1203 1637 τ.
1228 1593 1265 1637 λ.
1292 1590 1330 1638 5.

154 1648 295 1711 Quod
332 1650 394 1698 ad
425 1652 650 1699 frumenti
694 1654 906 1700 trituram
940 1654 1174 1716 pertinet,
1211 1655 1455 1719 peculiaris
1484 1658 1573 1707 fuit

155 1733 211 1764 eo
235 1727 444 1782 tempore
473 1715 616 1763 boum
641 1718 692 1763 in
719 1715 929 1780 frugibus
961 1717 1167 1766 terendis
1193 1737 1327 1778 usus,
1362 1730 1413 1768 ut
1444 1741 1573 1771 com-

155 1785 393 1846 paratione
439 1780 573 1829 nobis
620 1781 680 1829 ab
729 1782 935 1830 Homero
976 1792 1045 1829 est
1089 1785 1419 1848 significatum.
1501 1790 1572 1838 Ita

153 1847 282 1893 enim
316 1845 392 1894 ille
415 1862 429 1893 ε

283 1913 351 1966 Ὡς
387 1908 426 1960 δ’
448 1916 511 1959 ’ότε
537 1933 590 1967 τις
610 1913 719 1974 ζεύξῃ
748 1916 839 1971 βόας
873 1916 1035 1976 ἄρσενας
1059 1917 1360 1978 εὐρυμετώπους,

291 1981 521 2040 Τριβέμεναι
545 1991 610 2041 κρῖ
635 1981 760 2024 λευκὸν
793 1980 986 2039 ἐϋκτιμένῃ
1012 1981 1052 2024 ἐν
1077 1984 1180 2043 ἀλωῇ
1203 1982 1240 2028 5.

218 2041 260 2105 §.
293 2042 343 2090 6.
409 2044 599 2089 Praeter
633 2060 760 2106 agros
788 2044 837 2090 in
859 2043 1027 2090 divitiis
1055 2045 1364 2095 censebantur
1401 2047 1572 2110 vireta,

153 2111 384 2171 πολυκάρπες
427 2113 530 2163 ἀλωὴ
555 2120 576 2155 7
596 2146 607 2167 ,
658 2106 946 2172 plantarum,
988 2107 1158 2157 florum
1205 2113 1567 2177 omnigenorum

151 2174 374 2229 ¹varietate
404 2171 571 2221 decora
589 2210 602 2234 ,
647 2182 694 2220 et
725 2173 992 2233 arboribuS,
1041 2176 1194 2241 pyris,
1229 2177 1364 2227 malis
1389 2217 1402 2240 ,
1438 2180 1538 2226 ficis
1557 2218 1569 2239 ,

1470 2243 1573 2292 aliis

201 2365 238 2410 ι)
263 2367 344 2406 vid.
375 2369 419 2407 Il.
443 2371 581 2416 XVIII,
605 2372 687 2408 554.
831 2370 870 2415 2)
896 2371 947 2405 Ea
977 2383 1058 2406 voce
1091 2371 1288 2417 designatur
1322 2372 1364 2410 Il.
1389 2373 1490 2418 XXI,
1514 2387 1573 2422 77.

154 2428 192 2455 et
214 2421 289 2468 XX,
314 2426 416 2470 49G.,
452 2436 519 2472 quo
553 2427 627 2460 loco
660 2426 722 2461 alii
744 2425 860 2470 legunt
891 2426 1115 2471 ἑϋτροχάλῳ,
1147 2429 1236 2462 unde
1269 2428 1377 2474 Kiipp,
1405 2430 1447 2460 τὸ
1471 2430 1571 2466 iiix-c,

153 2474 205 2508 ita
230 2476 412 2525 explicuit,
441 2487 480 2514 ut
502 2483 549 2514 sit
573 2481 682 2514 solida
706 2489 740 2515 et
762 2486 906 2525 aequata
928 2477 1034 2523 ἅλ’ωή.
1081 2482 1180 2523 Quod
1202 2496 1280 2518 sane
1316 2495 1450 2516 necesse
1480 2483 1571 2519 suit:

156 2529 240 2573 quid
274 2531 378 2575 igitur
410 2535 440 2568 si
471 2537 513 2568 τὸ
545 2536 751 2581 ἓῦτροχάλῳ
782 2534 948 2579 glossema
978 2534 1179 2573 habeamus.
1294 2537 1331 2581 5)
1358 2537 1477 2583 Itaque
1503 2549 1571 2572 non

156 2584 257 2618 unice
289 2585 325 2620 in
355 2588 537 2624 frumentis
568 2589 752 2634 purgandis
777 2588 968 2624 ventilabro
1000 2589 1196 2626 utebantur.
1326 2592 1365 2637 4)
1390 2592 1433 2626 ll.
1466 2593 1574 2638 XIII,

157 2639 233 2673 538.
371 2641 410 2686 5)
434 2643 475 2679 ll.
502 2643 556 2688 V,
581 2645 647 2689 499
680 2656 773 2690 seqq.
905 2643 942 2686 6)
969 2643 1011 2680 Il.
1037 2644 1118 2690 XX,
1142 2646 1207 2690 495
1242 2658 1311 2693 seq.
1429 2646 1464 2695 7)
1494 2648 1573 2686 Vid-

157 2690 222 2727 Od-
248 2692 354 2728 XXIV
371 2723 381 2742 ,
403 2711 469 2734 220
484 2726 493 2743 ‚
516 2700 595 2738 225.
619 2698 659 2733 de
687 2698 785 2734 vinea
809 2698 875 2737 Od.
899 2697 988 2745 VII,
1015 2711 1078 2735 122
1098 2711 1192 2746 seqq.

1084 2765 1158 2801 ΡΞ
