1780 3120
597 137 1176 205 noMERICA.
1532 165 1592 212 79

308 325 319 337 .
452 323 463 333 .
497 289 570 336 ἀπὸ
597 293 803 347 στομάχους
833 290 954 346 ἀρνῶν
970 290 1067 344 τάμε
1091 285 1196 335 νήλεὶ·
1215 282 1347 344 χαλκῷ
1371 294 1405 330 ¹.

171 355 331 403 Securi
357 351 537 401 sublata
561 352 728 399 bovem
752 347 903 396 caedit
938 348 1145 395 Nestoris
1174 347 1295 393 filius
1318 362 1356 390 2.
1422 346 1477 392 In
1503 364 1590 411 pu-

172 420 304 468 blicis
347 416 763 484 supplicationibus
798 424 851 461 ut
876 418 962 460 rite
995 414 1150 460 omnia
1181 419 1457 477 peragantur
1488 429 1590 475 pro-

172 495 303 533 curat
335 502 442 532 cum
466 482 649 532 Achille
678 478 913 529 Patroclus
936 479 986 539 3,
1021 488 1069 526 et
1094 479 1279 543 nuptias
1310 478 1361 524 in
1393 475 1590 525 Menelai

173 550 313 598 domo
365 548 706 597 celebrantibus
754 543 956 594 convivis
997 562 1022 591 a
1064 542 1243 609 poculis
1287 550 1356 588 est
1397 556 1594 606 sponsus

164 614 507 681 Megapenthes
543 615 581 661 4.
646 611 787 662 Plura
834 609 1011 658 adferre
1053 610 1187 658 inviti
1231 608 1422 676 quidem
1451 645 1462 667 ‚
1511 609 1594 656 scd

171 679 416 731 brevitatis
437 679 589 728 studio
616 679 887 727 omittimus.

451 1024 792 1074 CAPUT
869 1023 1315 1072 SEXTUM.

641 1173 706 1204 DE
753 1171 1135 1203 CONCIONIBUS.
1172 1162 1177 1164 '

232 1333 273 1397 §.
314 1348 354 1382 1.
422 1305 589 1396 Regi,
625 1341 680 1378 ut
709 1332 848 1380 verbo
887 1350 1027 1397 supra
1057 1334 1391 1393 indicavimus,
1428 1333 1592 1399 adjun-

167 1400 230 1446 cti
250 1399 436 1446 fuerunt
459 1399 547 1445 viri
575 1406 747 1457 aetate,
781 1398 1032 1463 prudentia
1066 1411 1112 1448 et
1144 1400 1334 1448 consilio
1365 1411 1594 1464 praestan·

169 1473 268 1522 tes,
304 1481 499 1530 quorum
525 1479 612 1527 ope
642 1462 767 1510 domi
808 1462 1092 1530 militiaeque
1130 1463 1471 1531 rempublicam
1509 1465 1591 1512 ad·

168 1530 476 1576 ministraret:
522 1527 648 1593 quod
685 1545 741 1574 ex
770 1528 975 1576 Homero
1021 1531 1157 1579 docet
1190 1547 1373 1597 quoque
1411 1531 1595 1597 Diony-

167 1594 262 1640 sius
290 1593 440 1643 Halic.
509 1598 592 1648 Ταῖς
621 1604 704 1656 γοῦν
741 1596 983 1652 [ὄπα-θῶσιν,
1020 1598 1201 1664 inquit,
1234 1602 1310 1645 ὅσοι
1344 1617 1382 1644 τε
1415 1606 1590 1660 πατριὲνς

158 1665 291 1724 ἀρχὰς
319 1664 596 1723 παραλάβοιεν,
630 1665 693 1706 καί
722 1661 824 1713 ὅσους
852 1668 874 1713 ἡ
911 1664 1049 1717 πληθὺς
1083 1667 1176 1718 αὐτὴ
1201 1671 1481 1716 καταστήσαιτο
1501 1672 1591 1727 ἡγε-

166 1733 278 1786 μόνας
297 1762 308 1782 ,
345 1728 599 1787 βουῗευτήριεν
629 1723 672 1779 ἦν
708 1729 750 1770 ἐν.
789 1737 863 1772 τῶν
891 1735 1101 1789 κρατίστων
1120 1765 1131 1787 ,
1167 1738 1215 1784 ὡς
1237 1732 1417 1792 ”Ομηρός
1447 1748 1485 1775 τε
1527 1743 1590 1777 καὶ

163 1797 194 1837 οἵ
222 1794 458 1838 παὶαιότατοι
491 1803 564 1836 τῶν
599 1801 755 1843 πιιητῶν
777 1802 1027 1854 μαρτυροῦσι·
1067 1802 1130 1842 καί
1156 1793 1236 1855 οὐχ’
1254 1832 1266 1851 .,
1306 1797 1434 1858 ὥσπερ
1459 1800 1496 1840 ἐν
1517 1809 1589 1850 τοῖς

154 1857 370 1916 ,καθ’-ἡμεῖς
404 1863 573 1918 χρένεις,
607 1857 777 1908 adfixit-23
811 1863 875 1902 καὶ
906 1867 1169 1920 μενογνώμονες
1199 1857 1294 1914 ἦσαν
1332 1867 1370 1905 αἱ
1409 1871 1482 1906 τῶν
1520 1868 1591 1924 ἀρ-

165 1927 283 1982 χαίων
317 1925 507 1979 βασιλέων
528 1921 736 1966 δυναστεῖαι
759 1921 800 1967 5.
865 1922 961 1980 Qui
991 1924 1055 1970 ila
1084 1927 1178 1988 regi
1207 1925 1256 1970 in
1293 1923 1496 1988 puhlicis
1524 1944 1592 1974 re-

164 1985 255 2033 bus
280 1984 498 2032 omnibus
533 1981 799 2044 adfuerunt,
832 1993 993 2049 ys'pwtsg
1027 1989 1333 2049 dicebantur,
1376 1989 1591 2054 pluribus

164 2049 353 2098 dotibus
382 2050 584 2112 insignes
613 2050 723 2109 viri,
761 2052 992 2109 seniores,
1030 2055 1308 2102 familiarum
1332 2055 1429 2102 fere
1462 2059 1589 2121 prin-

163 2116 289 2180 cipes
316 2124 363 2162 et
386 2124 592 2163 auctores
617 2115 652 2163 5.
717 2115 908 2163 Publice
942 2118 1006 2166 illi
1045 2119 1213 2184 legatos
1246 2121 1439 2168 mittunt
1465 2135 1484 2168 7
1513 2124 1588 2172 vel

155 2181 252 2245 vipsi
288 2181 535 2245 legationes
579 2179 822 2227 obeuntssz
861 2193 966 2247 post·
1005 2184 1141 2245 belli,
1176 2185 1414 2235 vindictae
1451 2205 1589 2239 causa

166 2248 371 2312 suscepti
397 2283 410 2307 ,
460 2248 602 2294 finem
640 2260 760 2310 χρεῖος
803 2248 859 2294 iis
893 2249 1142 2312 dividunt,
1185 2252 1354 2319 quibus
1391 2270 1466 2300 res
1505 2252 1586 2302 ab·-

1504 2320 1595 2369 du-

209 2441 246 2486 1)
271 2441 354 2478 vid.
369 2441 410 2478 Il.
431 2441 485 2475 ΠΙ
500 2471 507 2485 ,
525 2455 602 2488 292.
681 2443 719 2487 2)
746 2444 826 2481 vid.
842 2444 906 2480 Od.
926 2446 980 2482 111
994 2472 1005 2489 ‚
1028 2450 1098 2485 443
1118 2463 1188 2496 seq.
1286 2451 1323 2495 5)
1353 2451 1490 2490 Vid.11‚
1513 2453 1583 2500 lx,

163 2507 230 2540 199
253 2506 347 2541 seqq.
422 2497 462 2540 4)
488 2496 570 2530 Vid-
594 2497 658 2534 Od.
685 2498 759 2543 XV,
787 2502 850 2535 105
872 2513 943 2547 seq.
1014 2505 1053 2549 5)
1079 2505 1119 2542 L.
1141 2506 1187 2542 11.
1212 2519 1246 2551 p.
1267 2507 1324 2542 86.
1415 2506 1453 2551 6)
1479 2508 1585 2544 Plura

165 2548 206 2583 de
233 2548 287 2584 his
310 2550 378 2587 vid.
403 2551 492 2596 apud
510 2551 662 2588 Nitzsch.
687 2553 728 2587 ad
753 2553 895 2601 Od.11‚
923 2558 965 2591 14
990 2570 1083 2605 seqq.
1130 2560 1170 2595 In
1199 2572 1259 2594 sua
1283 2560 1408 2604 singuli
1443 2562 1584 2599 civitate

164 2603 272 2648 ἀρχοὶ
300 2604 522 2651 dicebantur,
547 2607 746 2653 μέδοντες,
769 2616 804 2643 et
826 2610 1014 2658 ἡγήτορες,
1064 2615 1145 2652 Vid,
1171 2615 1215 2650 Il.
1235 2614 1294 2659 II,
1320 2625 1385 2660 79,
1412 2615 1488 2654 618.
1513 2618 1584 2659 IX,

162 2670 198 2701 ¹7
221 2665 286 2693 etc.
334 2658 519 2694 Diomedes
546 2663 610 2695 etsi
634 2662 749 2704 junior
770 2661 911 2700 honoris
938 2675 1052 2705 tamen
1087 2671 1189 2706 titulo
1214 2670 1327 2714 γέρων
1353 2669 1513 2707 laudatur
1539 2674 1584 2708 Il.

162 2709 231 2757 IX,
257 2713 312 2758 57.
378 2714 414 2760 7)
440 2715 519 2751 vid.
536 2715 580 2755 ll.
600 2715 663 2762 lx,
679 2719 758 2756 422.
781 2717 843 2756 Od.
867 2720 960 2768 XXI,
982 2737 1035 2761 21.
1105 2726 1144 2772 ὅ)
1170 2725 1217 2759 Ut
1238 2723 1280 2760 ll.
1306 2723 1372 2761 IX.
1400 2727 1465 2762 168
1486 2739 1579 2774 seqq.
