1780 3120
207 152 306 204 am
582 152 1259 217 ANTIQUITAS

200 301 397 334 numero
428 284 616 333 Halium
648 294 694 333 et
719 286 1036 335 Laodamanta
1071 287 1260 353 prodire
1285 285 1418 352 jubet

340 350 501 407 Μσυνάξ
533 356 799 415 ὀρχήσασθαι,
833 358 911 399 ἐπεί
937 374 1062 418 σφισιν
1085 354 1179 408 οὔτις
1202 354 1319 418 ἔριζεν
1344 365 1378 401 ¹.

204 417 338 465 Alter
371 417 508 480 igitur
540 434 701 463 eorum
733 418 890 473 ἰδνωθεὶς
920 424 1037 465 ὀπίσω
1063 419 1207 482 pilam
1237 435 1519 483 purpuream
1554 429 1630 467 aci

212 491 397 547 ceptam
431 484 481 530 in
502 482 646 529 altum
676 482 907 544 jactabat,
941 501 1079 546 quam
1111 494 1268 548 posset
1295 485 1511 531 altissime
1533 523 1544 543 ,
1580 492 1635 532 ut

210 548 411 595 eandem
437 548 551 594 alter
578 547 793 594 exsiliens
817 549 1034 595 manibus
1060 550 1325 613 exciperet,
1361 560 1465 596 ante
1493 566 1634 614 quam

209 613 412 680 pedibus
447 624 616 660 terram
638 613 810 659 iterum
836 613 1085 678 attigisset:
1122 632 1214 680 quo
1246 615 1366 661 facto
1407 615 1637 661 alternan-

213 691 285 727 tes
324 679 582 737 saltabant,
628 679 794 727 ceteris
835 679 1185 746 plaudentibus.
1266 681 1395 728 Haec
1437 681 1501 728 ita
1540 680 1639 726 Ho-

217 762 402 795 merus:

360 816 443 866 Τὴν
472 812 676 877 (σφαῖραν)
703 815 825 876 ’ἔτερος
851 815 1035 876 ῥίπτασκε
1062 819 1144 861 ποτῖ
1168 820 1276 878 νέφεα
1305 819 1497 872 σκιόεντα,

347 880 524 930 Ἱδνωθείς
551 883 667 925 ὀπίσω
685 894 696 906 ·
733 881 807 926 ὁδ’
824 883 896 924 ἀπὸ
923 884 1048 940 χθονὸς
1080 878 1186 941 ὑψόσ’
1215 884 1388 940 ἀερθείς,

349 946 524 996 Ῥηϊδίως
554 948 781 1004 μεθέλεσκε,
817 951 931 1005 πάρος
955 952 1059 991 ποσῐν
1083 946 1190 999 οὖδας
1216 948 1376 991 ἱκέσθαι.

365 1010 498 1071 Αὐτὰρ
529 1012 653 1063 ἐπειδὴ
685 1015 825 1072 σφαίρῃ
851 1005 910 1054 ἀν’
938 1013 1016 1056 ἰθὺν
1039 1018 1241 1073 πειρήσατο

354 1074 589 1138 Ὠρχείσθην
622 1077 668 1129 δὴ
691 1072 822 1121 ἔπειτα
857 1077 941 1121 ποτῖ
974 1078 1078 1137 χθονὶ
1099 1077 1362 1137 πουλυβοτειζοῃ
1380 1111 1391 1132 ,

363 1138 513 1204 Tapcps'
539 1144 801 1203 ἀμειβομένω·
834 1148 952 1203 κοῦροι
978 1140 1014 1188 δ’
1041 1143 1232 1194 ἐπελήκεον
1257 1143 1363 1187 ἄλλοι
1381 1179 1393 1198 ,

361 1204 566 1260 Ἐσταότες
594 1204 679 1253 κατ’
709 1205 836 1267 ἀγῶνα
855 1242 866 1263 ,
901 1209 1010 1259 πολὺς
1034 1204 1071 1252 δ’
1090 1210 1157 1253 ὑπὸ
1187 1213 1322 1267 κόμπος
1350 1211 1477 1268 ὀρώρει
1499 1216 1537 1252 2.

296 1274 338 1338 ξ.
376 1272 421 1332 4.
499 1272 612 1320 Fuit
672 1279 828 1317 autem
882 1270 1073 1318 Graecis
1118 1270 1419 1320 veterioribus
1472 1268 1655 1316 saltatio

232 1336 497 1388 exercitatio
534 1335 761 1403 quaedam
804 1333 997 1395 bellica,
1034 1354 1125 1402 qua
1169 1337 1375 1402 corporis
1410 1335 1660 1400 agilitatem

234 1401 498 1454 exercendo
529 1409 767 1466 augerent.
837 1401 963 1448 Hinc
1003 1412 1074 1449 est
1108 1402 1234 1470 quod
1271 1402 1540 1461 Merionen,
1577 1400 1659 1464 qui

238 1471 378 1520 celeri
409 1470 616 1534 corporis
645 1477 774 1516 motu
806 1465 953 1533 ipsius
975 1467 1175 1515 „hastam
1203 1469 1427 1528 evitaret,
1462 1468 1526 1515 ita
1553 1467 1666 1514 allo-

237 1547 409 1606 quatur
430 1538 628 1582 Aeneas:

382 1600 555 1663 anzc'vn
571 1637 582 1658 ,
618 1602 723 1661 τάχα
756 1606 819 1645 κέν
842 1620 886 1646 σε
903 1635 915 1658 ,
950 1606 1013 1647 καί
1035 1606 1226 1664 ὀρχηστήν
1251 1620 1324 1662 περ
1342 1605 1444 1647 ἐόντα
1459 1636 1489 1657 ,-

359 1666 521 1729 ”Εγχος
551 1669 637 1726 ἐμὸν
664 1672 877 1712 κατέπαυσε
907 1667 1135 1728 διαμπερὲς,
1169 1672 1203 1712 εἴ
1228 1686 1270 1713 σε
1298 1667 1414 1723 βάλον
1438 1686 1507 1730 περ
1530 1666 1568 1712 5.

246 1736 377 1795 Quae
408 1732 598 1795 quidem
626 1731 826 1794 agilitas,
863 1738 915 1777 ut
934 1739 1115 1777 ceterae
1146 1731 1353 1794 corporis
1378 1729 1536 1790 dotes,
1572 1731 1670 1778 lau-

247 1801 297 1849 di
332 1797 553 1845 heroibus
598 1795 874 1843 ducebatur.
943 1797 1006 1844 At
1044 1795 1162 1847 filios
1196 1794 1499 1862 reprehendit
1537 1799 1674 1846 Pria-

248 1883 383 1925 mus,
420 1862 548 1929 quod
577 1869 732 1910 essent

256 2115 286 2138 c.
306 2101 341 2137 4.
367 2101 399 2146 ς.
420 2098 452 2135 4.
478 2105 549 2133 not.
567 2109 599 2134 2.
646 2095 716 2132 W.
739 2095 928 2142 Miillerus,
951 2094 1179 2131 Homerische
1210 2095 1400 2131 Vorschule
1416 2120 1425 2138 ,
1459 2105 1533 2138 pag.
1553 2105 1618 2140 29,
1644 2099 1679 2128 et

254 2155 439 2193 Dissenius
462 2152 497 2186 in
520 2150 664 2186 Mulleri
687 2151 751 2197 Op.
771 2151 865 2188 laud.
893 2163 1058 2197 censura,
1083 2151 1182 2189 Gott.
1205 2153 1288 2186 Anz.
1311 2163 1367 2184 an·
1392 2151 1491 2195 1827.
1516 2148 1579 2185 No.
1606 2150 1680 2183 5—-

258 2214 303 2256 5,
329 2211 364 2243 in
395 2208 552 2253 pluribus
582 2206 738 2251 quamvis
770 2206 994 2251 dissentiant,
1019 2206 1060 2241 de
1091 2207 1231 2241 mimica
1256 2205 1438 2240 saltatione
1472 2215 1548 2237 cum
1586 2203 1683 2247 epica

255 2264 455 2306 narratione
480 2261 657 2304 conjuncta
678 2262 911 2296 consentiunt·
956 2261 1152 2303 Quitamen
1175 2261 1246 2297 VV.
1272 2259 1554 2295 Doct.mimicam
1572 2257 1686 2291 salta-

257 2321 391 2356 tionem
421 2317 449 2356 l.
470 2316 512 2350 ab
545 2316 589 2349 iis
625 2315 719 2352 laud.
749 2316 792 2349 ab
828 2315 980 2350 Homero
1008 2316 1181 2360 designari
1214 2314 1302 2349 mihi
1340 2314 1477 2359 quidem
1505 2312 1688 2356 haudqua-

258 2387 363 2421 quam
388 2378 642 2420 persuaserunt.
689 2371 820 2405 Mirum
856 2378 970 2410 certe,
1008 2371 1166 2416 Ulyssem
1193 2370 1227 2403 in
1259 2368 1464 2403 saltantibus
1490 2366 1581 2401 nihil
1608 2378 1689 2410 spe-

259 2429 429 2473 emisse,
462 2434 599 2472 praeter
635 2426 875 2470 μαρμαρυγὰς
898 2426 1034 2460 ποδῶν.
1082 2425 1133 2458 Ad
1161 2425 1304 2458 Homeri
1339 2432 1494 2468 tempora
1526 2419 1688 2455 saltatio-

256 2497 339 2519 :nem
379 2482 555 2516 mimicam
592 2491 659 2513 non
690 2479 862 2524 pertinere
888 2487 1015 2517 statuo.
1069 2479 1179 2514 Simul
1207 2478 1390 2513 cantabant
1419 2485 1454 2511 et
1484 2475 1676 2511 saltabant:

255 2550 319 2574 :nec
347 2537 535 2584 quidquam
566 2542 756 2580 praeterea.
808 2535 862 2568 De
899 2534 994 2568 omni
1026 2534 1090 2569 hoc
1125 2544 1323 2579 argumento
1358 2534 1404 2569 cf.
1434 2532 1486 2567 Cl.
1521 2531 1685 2572 Ileeren,

257 2594 366 2629 Ideen
398 2600 465 2628 ete.
512 2590 592 2627 Vol.
626 2589 696 2625 III.
732 2589 770 2625 P.
807 2602 839 2625 2.
874 2602 908 2634 p.
945 2591 1008 2624 160
1041 2602 1135 2634 seqq.
1288 2588 1424 2633 1)Od.
1459 2585 1568 2630 VIII,
1602 2585 1682 2629 371-

259 2648 308 2692 2)
347 2647 412 2681 Od.
446 2647 488 2686 1..
519 2644 545 2682 l.
588 2657 636 2684 vs.
659 2644 726 2691 575
760 2655 854 2690 seqq.
889 2644 934 2678 ad
967 2656 1001 2690 q.
1032 2643 1130 2681 Lvid.
1167 2641 1281 2680 schol.
1423 2640 1472 2687 5)
1508 2639 1550 2678 11.
1584 2635 1688 2682 XVI,

262 2705 328 2749 627
352 2714 425 2748 seq.
