1780 3120
559 139 1138 194 HOMERICA.
1452 140 1550 207 329

257 548 602 600 CAPUT
689 541 1437 596 DUODECIMUM.=

633 758 647 763 -
703 706 768 740 DE
817 708 1024 740 PUGNA.

218 880 256 946 §.
297 896 337 927 1.
404 852 499 926 Ex
526 875 723 924 Homeri
765 875 1049 924 carminibus
1094 877 1146 925 in
1181 876 1326 925 Iliade
1357 891 1566 945 praeser-

157 949 244 995 tim
288 943 569 1011 proeliorum
602 943 891 1005 frequentem
928 943 1027 989 fieri
1068 944 1385 1004 mentionem,
1425 958 1565 989 nemo

158 1028 267 1060 sane
303 1018 400 1064 est,
433 1008 513 1072 qui
549 1007 621 1054 vel
662 1006 845 1053 dubitet
876 1007 949 1053 vel
975 1008 1185 1060 miretur.
1261 1009 1360 1056 Nec
1404 1018 1566 1055 tamen

159 1092 345 1142 semper
379 1075 620 1121 universus
665 1073 893 1118 exercitus
931 1076 1199 1121 concurrit:
1253 1075 1395 1121 immo
1438 1073 1567 1138 prin-

157 1144 284 1206 cipes
313 1140 493 1204 saepius
540 1139 705 1183 heroes
735 1146 840 1183 ante
883 1138 1030 1185 aciem
1063 1145 1249 1201 πρόμαχοι
1282 1146 1492 1204 pugnant
1521 1145 1569 1184 et

158 1217 391 1254 certamen
419 1219 558 1250 omne
587 1204 828 1251 dirimunt.
895 1203 1032 1262 Quod
1064 1205 1102 1251 si
1129 1206 1301 1251 factum
1338 1223 1435 1251 non
1472 1212 1568 1262 est,

157 1274 206 1330 in
245 1289 291 1318 se
336 1270 533 1316 invicem
566 1285 651 1332 per
694 1269 859 1333 stirpes
905 1269 999 1315 fere
1037 1269 1220 1316 irruunt·
1265 1270 1447 1325 hostes,
1480 1285 1571 1316 nec

162 1336 416 1401 quidquam
463 1334 559 1380 fieri
593 1332 779 1389 videas,
825 1333 948 1399 quod
990 1343 1132 1380 totam
1179 1334 1324 1382 aciem
1372 1343 1569 1399 spectet.

159 1404 231 1450 Ut
278 1410 430 1448 autem
486 1399 647 1445 ordine
696 1398 1024 1463 procedamus,
1075 1399 1133 1445 de
1188 1400 1262 1447 his
1306 1400 1571 1465 singulatim

158 1467 247 1514 erit
283 1463 600 1524 monendum,
649 1463 941 1528 generalibus
982 1464 1262 1531 quibusdam
1301 1467 1360 1513 de
1405 1466 1574 1517 tactica

156 1533 438 1602 praemissis.

219 1598 258 1662 §.
297 1614 341 1644 2.
409 1597 504 1643 Per
529 1595 697 1662 stirpes
724 1595 857 1644 divisi
891 1599 941 1644 in
971 1597 1074 1644 acie
1095 1596 1283 1647 adstant
1324 1598 1490 1648 Achivi
1524 1608 1572 1648 et

160 1663 385 1730 Trojani,
420 1663 585 1726 cuique
623 1662 757 1726 stirpi
806 1661 877 1707 sui
917 1663 1153 1728 principes
1201 1673 1445 1729 praesunt,
1490 1667 1574 1732 qui

162 1729 329 1776 eodem
365 1729 417 1774 in
446 1742 550 1773 suos
580 1726 776 1792 imperio
812 1735 858 1772 et
904 1728 1004 1791 pari
1047 1732 1316 1777 auctoritate
1343 1740 1485 1777 sunt:
1523 1733 1573 1780 hi

163 1801 327 1859 sponte
359 1809 441 1839 sua
471 1808 559 1838 nec
590 1793 725 1839 inviti
760 1793 946 1856 imperii
978 1810 1207 1842 summam
1240 1797 1288 1842 in
1316 1814 1465 1842 unum
1493 1795 1576 1843 de-

160 1860 343 1917 serunt,
377 1855 503 1923 quod
542 1856 590 1903 in
623 1859 1018 1920 Agamemnonem
1063 1878 1087 1906 a
1127 1861 1342 1920 Graecis,
1389 1879 1415 1907 a
1453 1862 1575 1910 Tro-

162 1925 280 1990 ianis
309 1924 358 1970 in
398 1924 657 1969 'Hectorem
687 1923 890 1987 Trojano
928 1921 1054 1969 bello
1102 1925 1308 1973 delatum
1349 1943 1448 1974 esse
1493 1945 1577 1974 no-

162 1998 273 2037 runt
319 2005 492 2036 omneS.
571 1987 875 2053 Disciplinam
923 2006 1033 2036 vero
1088 1991 1336 2039 militarem
1369 2029 1381 2050 ‚
1437 2012 1576 2059 quam

164 2055 383 2102 dixerunt
408 2054 686 2100 recentiores
708 2092 718 2112 ,
755 2055 919 2100 frustra
954 2055 1004 2100 in
1032 2072 1188 2103 eorum
1218 2060 1314 2105 acie
1340 2061 1578 2123 quaesive-

164 2121 244 2178 riS.
322 2122 436 2186 Ejus
483 2120 636 2177 enim,
688 2119 762 2165 vel
811 2128 862 2165 ut
912 2120 1123 2170 universe
1167 2122 1342 2183 dicam,
1387 2127 1575 2174 tactices

165 2187 357 2233 omnino
397 2203 493 2232 non
532 2185 621 2231 nisi
665 2186 814 2250 prima
847 2183 1073 2234 elementa
1114 2200 1367 2249 noverant,
1404 2210 1491 2239 nec
1524 2211 1578 2244 ea

165 2267 326 2305 omnes
359 2259 435 2297 aut
468 2249 679 2313 plurimi,
717 2250 796 2298 scd
834 2252 966 2314 pauci
981 2261 1183 2302 tantum:
1221 2256 1469 2304 Hectorem
1511 2258 1582 2305 di-

168 2333 250 2374 c0,
287 2317 610 2363 Menestheum
635 2324 682 2361 et
720 2334 830 2380 prae
859 2319 1023 2364 ceteris
1056 2320 1327 2368 Nestorem:
1365 2323 1578 2387 Troianis

164 2397 275 2429 v-ero
314 2381 510 2428 multum
548 2380 864 2429 excelluerunt
904 2382 1085 2433 Achivi.
1152 2388 1224 2434 Ex
1258 2387 1329 2433 his
1352 2388 1580 2453 quaedam

129 2448 131 2450 ’
170 2449 361 2494 tactices
402 2455 650 2512 praecepta
704 2448 797 2494 suis
847 2447 976 2493 dedit
1024 2467 1164 2498 senex
1209 2451 1396 2516 Pylius,
1433 2471 1579 2518 quae,

169 2511 228 2560 ab
254 2513 458 2570 Homero
478 2512 724 2567 memoriae
788 2512 960 2571 rodim,
988 2514 1191 2564 breviter
1220 2534 1379 2566 sumus
1405 2521 1580 2568 relatu-

171 2579 209 2624 ri
228 2615 240 2635 ,
273 2577 331 2624 de
356 2577 526 2643 quibus.
543 2593 652 2625 vero
672 2530 819 2642 proze
846 2579 1099 2627 tenendum
1125 2591 1222 2641 est,
1256 2582 1384 2632 haud
1416 2602 1579 2638 omnes

170 2651 295 2704 arte,
327 2660 466 2708 quam
491 2643 662 2693 Nestor
690 2644 908 2692 docuerat
928 2681 940 2704 2
978 2647 1027 2692 in
1056 2647 1233 2712 proelio
1277 2665 1380 2696 usos
1408 2650 1546 2698 fuisse
1564 2690 1578 2713 ,

1091 2729 1121 2769 Χ
1143 2733 1167 2768 5
1494 2733 1581 2783 lmf
