1750 3116
504 132 1167 181 PROOEMIUM.
1434 155 1530 194 rxru

117 267 347 318 duximus·
413 264 500 314 His
536 275 688 313 autem
724 266 786 312 ita
819 266 888 310 usi
917 282 1101 323 sumus,
1139 276 1187 313 ut
1222 269 1379 331 prius,
1412 290 1522 336 qua.

116 356 252 400 tenus
279 360 387 397 cum
420 343 625 392 Homero
661 353 996 407 congruerent,
1043 344 1289 409 diligenter
1320 350 1525 412 explora-

117 441 305 488 remus,
340 439 426 470 nec
464 422 836 488 gravissimorum
880 421 1018 467 etiam
1055 425 1333 488 scriptorum
1373 437 1527 474 aucto·

115 502 252 561 ritate
288 503 402 549 moti
431 501 684 566 quidquam
716 516 994 565 poneremus
1013 535 1025 557 ,
1070 501 1161 548 nisi
1191 502 1364 549 Poetae
1396 506 1525 552 testi-

116 580 286 633 moniis
321 580 553 627 innixum.
632 578 770 638 Quod
805 579 854 626 in
885 577 1123 643 pluribuS‚
1157 597 1246 628 nec
1281 589 1439 628 tamen
1474 584 1526 632 in

114 658 358 717 omnibus,
389 660 535 706 facere
575 657 829 723 potuimuS.
895 657 1012 704 Sunt
1052 659 1177 704 enim
1211 659 1260 706 in
1291 659 1526 722 Homero,

112 753 310 804 quorum
346 735 575 784 sententia
621 735 814 782 omnino
854 750 940 782 nos
985 734 1123 782 latet:
1159 736 1208 782 in
1247 736 1416 801 quibus
1456 741 1526 786 in·

110 814 293 875 scitiam
342 815 540 877 ingenue
588 812 782 878 professi
831 817 1003 875 ἐπέχειν,
1049 831 1190 878 quam
1244 819 1528 883 conjecturis

111 891 402 957 indulgendo
452 907 584 940 vana.
606 889 786 939 tradere
841 890 1101 942 maluimus.
1197 893 1319 941 Sunt
1364 895 1526 956 etiam,

112 971 161 1017 in
199 969 369 1036 quibus
408 969 481 1020 vel
519 985 570 1019 re
601 986 706 1018 vera
741 968 829 1017 sibi
862 981 1093 1036 repugnat
1124 973 1302 1031 Poeta,
1346 972 1419 1021 vel
1451 990 1529 1022 re-

108 1064 313 1114 pugnare
343 1048 478 1098 nobis
522 1047 682 1096 saltem
723 1047 931 1097 videtur:
968 1066 1083 1114 quae
1127 1049 1429 1114 simpliciter,
1473 1061 1527 1099 ut

111 1136 273 1186 erant,
307 1128 368 1174 ita
411 1125 665 1185 tradenda,
710 1143 800 1175 nec
841 1124 901 1174 ad
940 1126 1137 1176 lubitum
1180 1128 1525 1192 contorquenda

109 1204 244 1252 nobis
273 1221 372 1252 esse
404 1203 645 1262 duxirnuS‚
677 1221 736 1251 ne
763 1203 908 1252 divini
938 1206 1106 1254 Poetae
1135 1208 1342 1255 carmina
1376 1207 1426 1254 in
1456 1224 1526 1273 sy⁴

110 1283 318 1330 sternatis
356 1299 568 1330 normam
604 1291 650 1329 et
688 1285 921 1347 angustias
953 1284 1266 1348 redigeremus
1286 1321 1298 1341 ‚
1332 1303 1447 1351 quas
1478 1295 1527 1334 et

108 1366 188 1410 θεοῦ
212 1366 385 1426 ὁρμηθεὶς
415 1363 530 1414 ἀοιδάς
557 1368 606 1407 et
640 1367 731 1406 tota
760 1362 1047 1426 antiquitatis
1074 1373 1239 1410 natura
1278 1363 1433 1412 horret
1473 1382 1526 1413 ac

109 1440 303 1505 respuit.
369 1438 592 1487 Ceterum
631 1440 681 1486 in
719 1439 907 1488 criticas
943 1439 1004 1487 de
1041 1441 1231 1490 Homeri
1267 1441 1409 1502 lociS‚
1444 1445 1525 1510 qui

112 1517 254 1583 spurii
281 1515 518 1565 habentur
547 1524 594 1565 et
621 1515 912 1582 interpolati,
950 1517 1297 1584 disquisitiones
1322 1537 1416 1568 non
1444 1522 1525 1568 ‹le-

104 1592 401 1652 scendimuS,
419 1595 596 1660 quippe
619 1612 734 1662 quae
766 1603 816 1642 ut
841 1613 866 1642 a
898 1605 1057 1644 nostro
1088 1601 1295 1647 instituto
1320 1601 1493 1647 ali-:nae
1511 1639 1523 1660 ‚

102 1674 166 1721 ita
190 1675 360 1723 virium
392 1689 604 1720 mearum
634 1673 855 1721 tenuitate
884 1679 1078 1740 majores
1111 1687 1246 1735 sunt,
1276 1686 1322 1724 et
1354 1677 1412 1724 ad
1446 1678 1526 1725 he-

103 1752 216 1800 roici
250 1751 352 1800 aevi
383 1752 693 1816 cognitionem
741 1769 909 1817 parum
960 1763 1040 1800 aut
1077 1755 1194 1802 nihil
1233 1757 1323 1804 fere
1353 1755 1523 1805 utitita-

108 1830 166 1876 tis
197 1829 411 1878 afferunt.
477 1830 609 1890 Quae
642 1830 836 1878 Homeri
873 1832 1065 1880 nomine
1094 1834 1340 1893 feruntur,
1375 1835 1521 1882 inter-

106 1907 320 1976 pretibus
353 1909 402 1955 in
441 1904 689 1956 consilium
733 1908 955 1964 adhibitis
1002 1920 1214 1959 accurate
1259 1912 1522 1978 explorata,

101 1996 328 2053 quatenus
361 1985 422 2033 ad
440 1986 779 2052 Antiquituten:
808 1986 1103 2036 Homericam
1135 1992 1368 2055 pertinere
1395 1992 1522 2040 vide-

100 2063 293 2131 bantur,
329 2073 485 2112 nostro
527 2081 653 2111 more
688 2066 1008 2128 exposuimuS,
1045 2067 1241 2117 aliorum
1278 2074 1518 2120 sententiis

100 2142 354 2202 refutandis
384 2140 510 2188 haud
547 2142 806 2201 immorati,
840 2160 900 2188 ne
930 2145 1119 2194 inanem
1153 2151 1307 2214 potius
1343 2149 1517 2198 doetri-

100 2238 189 2270 nae
221 2222 580 2268 ostentationem
615 2222 772 2286 sequi,
807 2240 945 2287 quam
984 2227 1212 2290 juvenum
1244 2227 1410 2277 studiis
1446 2230 1516 2276 in·->

97 2300 272 2348 servire
296 2299 575 2357 videremur.

57 2367 59 2369 ¹
110 2364 115 2368 ¹
159 2376 313 2426 Aliam
340 2378 480 2442 igitur
508 2377 565 2424 ad
582 2379 879 2428 Homericam
899 2382 1223 2448 antiquitatem
1240 2384 1519 2434 tradendam

96 2456 324 2503 rationem
355 2456 459 2502 iniit
488 2455 726 2517 Feithius,
764 2460 895 2507 aliam
933 2462 1051 2509 mihi
1082 2463 1131 2510 in
1167 2464 1333 2511 iisdem
1367 2465 1519 2530 expli-

94 2534 256 2591 candis
289 2532 541 2582 ineundam
575 2554 668 2583 esse
701 2539 825 2587 duxi.
899 2542 1130 2602 Quocirca
1161 2542 1264 2590 Viri
1293 2543 1426 2591 Dect.
1461 2543 1519 2591 li-

92 2613 232 2661 brum
275 2629 330 2660 ex
376 2630 479 2661 meo
527 2615 715 2664 consitio
764 2619 1103 2668 immutandum
1158 2623 1328 2686 magis,
1379 2640 1520 2687 quam

1366 2718 1523 2748 ernen-
