1780 3120
517 187 1088 243 HOMERICA.
1425 192 1522 262 257

279 359 291 373 .
325 351 342 375 ··
376 349 393 373 z·
430 359 442 372 .
474 325 682 387 ὃρχησταῖ,
717 329 989 386 χοροιτυπίῃσιν
1016 321 1158 386 ἄριστοι
1183 333 1198 358 ¹
1217 337 1232 353 ·

98 402 189 440 nec
236 398 394 438 tamen
434 389 541 456 quia
575 404 763 435 omnem
794 387 1081 434 saltationem
1117 387 1289 450 probro
1322 388 1516 439 duceret

101 472 273 513 senex,
309 455 390 502 sed
421 457 529 521 quia
570 455 686 500 forte
716 452 758 498 ei
802 454 852 499 in
881 454 975 500 vita
1007 453 1234 500 desidiosa
1262 455 1401 503 nimis
1444 458 1516 504 in-

98 520 368 583 dulgerent,
405 522 525 567 etin
563 519 714 566 choris
753 518 863 565 laeti
891 518 1054 564 saltare
1076 555 1087 575 ‚
1123 536 1262 583 quam
1295 520 1344 566 in
1376 523 1515 570 armis

99 586 238 632 fortes
282 601 559 634 concurrere
596 583 806 632 mallent.
885 583 1037 630 Simili
1082 582 1140 629 de
1183 602 1319 632 causa
1361 586 1519 634 Paridi

99 650 321 698 citharam
365 660 410 698 et
445 660 596 698 cetera
636 651 859 713 Ἀφροδίτης
902 652 1005 712 δῶρα
1054 647 1216 714 objicit
1265 650 1442 697 Hector
1465 663 1522 710 2,

99 715 227 780 quod
259 716 435 764 cithara
466 714 527 763 ad
561 714 729 762 lasciva
773 714 1001 769 carmina,
1047 722 1094 760 et
1127 714 1413 780 Aphrodites
1449 715 1528 763 do·

102 780 227 830 tibus
261 780 319 829 ad
348 781 576 829 luxuriam
604 788 652 826 et
671 779 900 842 ignaviam
923 777 1206 830 abuteretur.

395 1119 736 1172 CAPUT
813 1121 1265 1173 SEXTUM.

320 1263 390 1300 DE
422 1266 613 1301 VARIIS
658 1268 935 1301 LUDORUM
969 1267 1310 1306 GENERIBUS.

180 1429 221 1492 §.
262 1445 302 1475 1.
368 1398 439 1474 In
462 1427 616 1487 festis,
650 1446 765 1495 quae
788 1427 991 1493 plurima
1019 1447 1127 1477 cum
1154 1430 1202 1477 in
1224 1431 1429 1480 Deorum
1450 1433 1533 1482 lioJ

117 1511 282 1543 norem
319 1492 651 1554 celebrabant,
686 1503 787 1541 tum
829 1494 916 1541 alia
951 1513 1229 1561 quacunque
1260 1503 1535 1563 opportuni-

119 1568 218 1607 tate
248 1597 260 1618 ,
308 1558 358 1605 in
401 1558 606 1606 defuncti
646 1575 689 1606 V.
734 1577 773 1606 c.
816 1560 954 1606 amici
993 1559 1220 1607 honorem
1246 1598 1259 1618 ,
1307 1564 1531 1621 edebant,

117 1625 169 1672 in
201 1624 272 1670 his
295 1625 436 1686 igitur
468 1624 582 1671 varii
610 1625 785 1688 generis
811 1624 947 1671 ludos
969 1625 1189 1688 agebant,
1225 1636 1277 1674 ut
1304 1630 1426 1676 Deos
1463 1628 1533 1676 vel

116 1690 290 1738 mortui
325 1705 483 1735 manes
507 1690 818 1748 honorarent,
851 1689 1114 1757 quibusque
1143 1690 1261 1739 adeo
1288 1693 1408 1740 ludis
1437 1713 1539 1742 cor·

119 1756 246 1820 poris
278 1753 420 1800 robur
452 1763 499 1800 et
523 1754 696 1817 agilitas
721 1772 862 1820 quam
898 1757 1095 1801 maxime
1126 1758 1435 1821 augebantur,
1471 1762 1533 1807 ita

116 1829 171 1866 ut
199 1819 258 1864 ad
293 1818 618 1866 fortitudinem
653 1835 899 1884 rerumque
942 1819 1211 1868 bellicarum
1261 1823 1531 1873 facultatem

121 1881 486 1950 promovendam
515 1884 626 1931 festa
654 1883 864 1931 valerent
899 1893 944 1930 et
975 1884 1088 1934 ludi.
1157 1888 1229 1935 Ita
1261 1889 1397 1936 Iones
1419 1907 1533 1937 con·

121 1949 300 2014 gregari
332 1948 576 2007 dicuntur,
610 1949 691 2015 qui
723 1949 985 2014 Apollinem

256 2050 267 2062 .
403 2050 415 2062 .
440 2023 636 2078 πυγμαχίῃ
666 2035 705 2061 τε
733 2021 796 2061 κοιί
829 2020 1011 2079 ὀρχηθμῷ
1040 2024 1103 2064 κοιὶ
1126 2021 1234 2082 αόιὸᾖ

256 2079 502 2140 Μνησάμενοι
534 2090 726 2143 τέρπουσιν
743 2118 753 2137 ,
785 2084 875 2127 ’ότοιν
907 2090 1115 2134 στήσωνται
1145 2089 1272 2147 α’γῶνοι
1297 2085 1333 2133 5.

128 2145 318 2192 Curulia
354 2146 608 2192 certamina
649 2147 830 2209 Augeae
863 2155 1070 2211 tempore
1110 2149 1160 2195 in
1192 2150 1325 2198 Elide
1347 2189 1359 2208 ,
1399 2164 1542 2217 equod

126 2226 232 2258 rum
255 2210 529 2258 feracissima
561 2211 748 2274 regione
768 2249 780 2269 ,
813 2211 967 2258 locum
1000 2213 1216 2261 habuisse
1258 2227 1417 2263 monet
1441 2220 1542 2265 Ho-

129 2292 283 2334 merus
305 2275 329 2309 4
350 2313 361 2334 ,
383 2277 464 2341 qui
483 2277 666 2339 copiose
686 2285 732 2323 et
750 2276 980 2339 eleganter
1007 2286 1101 2325 toto
1119 2280 1215 2326 fere
1242 2281 1403 2328 Iliadis
1425 2283 1546 2330 libro

129 2342 347 2401 vigesimo
379 2343 512 2387 tertio
543 2340 674 2387 ludos
705 2341 953 2401 describit,
987 2361 1101 2407 quos
1137 2347 1186 2391 in
1218 2346 1428 2394 defuncti
1452 2350 1539 2396 Pa-

134 2406 266 2451 trocli
318 2407 541 2452 honorem
596 2405 896 2454 celebrandos
944 2408 1090 2456 edixit
1134 2411 1336 2458 Achilles
1360 2412 1399 2459 5.
1485 2416 1543 2461 In

134 2469 330 2535 hospitis
373 2483 610 2537 praeterea
662 2472 920 2520 illustrioris
966 2477 1156 2537 gratiam
1202 2477 1326 2523 varia
1367 2495 1392 2523 a
1439 2480 1541 2526 viro

1423 2546 1554 2608 prin-

151 2649 158 2653 ’
180 2642 218 2687 ι’)
244 2643 285 2683 ῙΙ.
311 2645 444 2691 XXIV,
468 2648 544 2682 251.
663 2647 700 2689 α)
727 2645 769 2682 Il.
795 2647 871 2694 111,
895 2649 941 2683 54
958 2661 1030 2695 seq.
1149 2649 1187 2692 5)
1213 2649 1338 2694 Hymn.
1364 2651 1400 2686 in
1426 2654 1539 2698 Apoll.
1568 2691 1572 2695 ,

133 2708 179 2732 vs.
202 2702 266 2742 149
289 2711 357 2745 seq.
461 2701 499 2743 4)
525 2699 565 2735 11.
591 2700 657 2744 XI,
683 2704 748 2748 697
771 2714 864 2748 seqq.
888 2703 931 2736 ad
955 2716 987 2749 q.
1014 2705 1038 2738 1.
1064 2703 1166 2737 adeas
1189 2704 1300 2749 Heyn.
1327 2705 1410 2741 Var.
1430 2708 1542 2750 Lucet,

133 2760 171 2788 et.
193 2753 334 2787 observ.
451 2757 490 2798 5)
516 2755 598 2790 Inde
622 2768 641 2790 a
666 2768 714 2793 vs,
738 2759 803 2802 257
828 2757 870 2791 ad
896 2758 936 2794 L.
959 2758 973 2792 l
1011 2759 1125 2792 sanem.

1178 2813 1211 2848 R
