1780 3120
179 161 238 225 fi
539 114 1222 216 ANTIQUITAS

172 289 339 337 tellitio
376 304 428 335 ac
469 287 701 335 comitatu.
775 285 1078 333 Telemachus
1131 293 1255 333 certe
1281 323 1294 343 ,
1350 285 1408 334 ad
1445 289 1585 351 quem'

172 355 361 402 Ithacae
399 369 592 416 regnum
626 351 889 416 pertinebat
910 388 922 409 ,
973 349 1152 397 duobus
1184 359 1364 398 tantum
1397 351 1587 399 canibus

175 420 419 467 dominum
437 416 735 483 sequentibus
757 418 808 463 in
829 416 1105 462 concionem
1127 417 1359 478 egreditur
1377 435 1390 464 z

307 488 394 531 Ου’-κ.
424 482 489 536 εἷος
505 500 515 509 ·
549 486 635 542 ἅμα
655 485 751 545 τῷγε
783 483 856 528 δύω
883 486 985 534 vsa-aeg
1007 485 1110 543 ἀργαὶ
1133 483 1257 528 ἕποντο
1279 492 1315 529 1.

171 549 229 598 In
259 548 380 596 bello
404 565 510 595 cum
542 545 727 609 regibus
753 556 852 594 tum
878 545 1081 609 principi
1108 546 1274 609 cuique
1299 546 1395 593 viro
1423 546 1590 595 adsunt

173 623 416 679 θεράπεντες,
451 612 533 678 qui
565 629 704 676 opem
744 614 836 659 suis
876 612 927 657 in
961 627 1115 675 pugna
1147 610 1294 658 ferant
1326 619 1374 657 et
1411 622 1597 675 cetera,

176 680 345 744 quibus
376 695 491 743 opus
536 677 700 737 fuerit,
735 676 886 725 officia
915 683 1166 740 praestent.
1231 674 1465 724 Hero'i'bus
1500 679 1594 724 fere

175 745 376 793 amicitia
403 753 448 790 et
471 742 776 790 familiaritate
801 743 951 808 juncti
969 750 1078 788 sunt
1098 753 1144 799 2,
1161 759 1253 789 una
1273 759 1380 788 cum
1405 743 1460 789 iis
1483 741 1597 789 edu-

179 812 294 870 cati,
318 818 369 857 ut
395 827 501 856 cum
529 808 710 856 Achille
739 806 1003 866 Patroclus,
1036 806 1176 871 inque
1202 806 1366 854 iisdem
1399 807 1600 873 aliquan-

181 879 243 925 do
270 875 464 924 aedibus
488 890 645 921 secum
669 874 854 932 vivunt,
887 881 939 918 ut
967 890 1074 919 cum
1099 875 1240 939 Ajace
1261 874 1539 938 Lycophron
1561 875 1602 922 5.

183 942 457 990 Generatim
477 940 616 1003 igitur
639 944 853 1003 θεράπεντες
875 945 985 985 Sunt
1001 945 1132 992 πάντες
1151 946 1180 984 οἱ
1207 944 1473 1000 θεραπευτικῶς
1496 940 1600 1000 ἔχον-

180 1028 240 1062 τες
263 1007 286 1042 4
315 1043 328 1066 ,
372 1006 497 1071 iique
547 1021 646 1051 non
699 1002 872 1050 liberae
916 1011 1097 1049 tantum
1143 1004 1425 1051 conditionis
1447 1005 1469 1038 5
1519 1005 1603 1052 sed

182 1072 309 1137 regia
348 1071 532 1136 saepius
566 1071 711 1135 stirpe
753 1067 939 1117 oriundi
961 1068 999 1114 6.
1074 1067 1150 1115 Ad
1189 1085 1353 1115 currus
1389 1068 1605 1132 inprimis

183 1136 483 1186 instruendos
505 1173 518 1195 ,
553 1134 834 1200 jungendos,
867 1131 1093 1197 regendos
1116 1133 1276 1180 amicis
1292 1132 1484 1192 adsunt,
1519 1135 1607 1181 ita-

186 1221 278 1269 que
314 1210 468 1265 ἡνιόχων
512 1219 551 1248 s.
586 1208 789 1265 ὐφηνιόχων
834 1199 998 1247 officiis
1044 1198 1190 1246 functi
1230 1200 1282 1245 in
1306 1199 1470 1246 eodem
1495 1217 1606 1248 cum

186 1270 299 1335 ipsis
333 1286 473 1315 curru
507 1267 689 1314 adstant
710 1302 723 1322 ‚
757 1265 829 1312 vel
867 1271 1012 1318 ὀπέωνες
1048 1264 1302 1311 amicorum
1339 1282 1465 1311 arma
1501 1282 1608 1329 por-

182 1344 311 1393 tant,
344 1342 397 1380 ut
431 1331 675 1381 Idomenei
707 1330 939 1378 Meriones
962 1340 999 1375 7.
1069 1329 1232 1376 Plures
1269 1345 1611 1396 nonnunquam

186 1407 402 1466 Θεράπεντες
429 1400 482 1446 in
514 1416 606 1445 una
625 1396 768 1444 domo
797 1395 1130 1455 inveniuntur,
1164 1398 1245 1459 qui
1274 1395 1574 1444 familiaribus
1592 1434 1607 1457 ,

189 1475 414 1531 quantum
449 1470 674 1529 possunt,
731 1478 922 1526 operam
951 1469 1213 1522 praestent,
1248 1460 1299 1506 in
1339 1459 1607 1510 domesticis

189 1533 329 1580 etiam
361 1529 525 1587 rebus,
559 1537 612 1575 ut
648 1529 701 1575 in
734 1543 879 1574 coena
921 1525 1114 1589 aliisque
1136 1525 1179 1572 8:
1216 1542 1332 1588 quae
1365 1529 1518 1575 omnia
1550 1545 1608 1574 ex

190 1595 392 1661 simplici
422 1595 620 1642 heroum
651 1594 768 1641 vitae
805 1592 983 1639 ratione
1015 1590 1267 1654 repetenda
1301 1601 1412 1638 sunt
1445 1602 1495 1651 ¹et
1533 1610 1607 1640 ae-

187 1661 432 1710 stimancla.

253 1728 295 1790 ξ.
331 1744 377 1774 2.
446 1727 677 1789 Θεράπεντες
711 1720 918 1788 quamvis
951 1718 1096 1766 iidem
1121 1737 1257 1785 saepe
1292 1722 1386 1768 sint
1417 1723 1494 1788 qui
1526 1728 1612 1778 Κνί-

189 1804 369 1859 1:07239,
403 1790 681 1838 nominatim
716 1797 874 1834 tamen
902 1784 1092 1849 singulis
1117 1795 1249 1832 erant
1280 1787 1500 1836 heroibus
1531 1790 1610 1837 ad-

191 1860 307 1907 dicti
329 1874 416 1906 nec
443 1856 609 1913 inviti;
647 1854 698 1901 hi
734 1851 922 1900 veroin
960 1849 1200 1916 publicum
1233 1854 1480 1918 praecipue
1521 1856 1609 1902 mi-

191 1924 434 1972 nisterium
469 1920 696 1978 adhibiti,
729 1926 805 1974 et,
840 1915 928 1963 ubi
949 1916 1000 1964 in
1031 1932 1081 1961 re
1108 1916 1287 1981 privata
1314 1918 1500 1981 singulis
1532 1921 1611 1967 ob-

191 1998 448 2056 sequuntur
467 2025 479 2049 ,
513 1983 787 2034 conductitii
817 1991 952 2042 sunt,
987 1987 1030 2028 ἐκ
1056 1984 1173 2045 δήμου
1205 1983 1390 2031 oriundi
1417 1998 1473 2034 ιο,
1548 1987 1609 2033 In

1521 2068 1612 2116 pu..

243 2200 280 2244 1)
305 2198 370 2235 Od.
401 2197 462 2243 11,
487 2210 541 2235 11.
658 2197 697 2240 2)
721 2196 802 2233 vid.
832 2194 876 2230 Il·
902 2193 1002 2238 XVI,
1025 2192 1092 2228 240
1122 2203 1216 2238 seqq·
1248 2188 1380 2236 XXIII,
1407 2205 1468 2228 ιιι
1490 2221 1499 2237 ,
1526 2196 1612 2242 113,

200 2257 287 2299 124,
311 2256 374 2288 52&
396 2261 459 2289 etc.
572 2250 611 2296 5)
636 2251 716 2288 vid.
746 2250 789 2286 Il.
809 2248 892 2290 XV,
916 2249 983 2283 450
1000 2259 1070 2292 seq.
1183 2246 1222 2290 4)
1248 2247 1301 2282 Ita
1329 2248 1442 2292 Apoll.
1469 2249 1548 2286 Lex.
1580 2259 1617 2286 et,

196 2308 347 2354 Etymol.
383 2308 432 2344 M.
546 2307 586 2351 5)
614 2306 693 2342 vid.
720 2304 831 2339 Iidem
857 2303 880 2339 1.
914 2303 940 2336 l.
993 2301 1047 2337 Cf.
1078 2300 1198 2337 schol.
1232 2301 1272 2337 B.
1303 2309 1338 2336 et
1365 2303 1470 2337 ceteri
1495 2304 1537 2338 ad
1570 2305 1615 2342 11.

196 2364 294 2406 XIX,
330 2364 405 2398 143.
522 2361 559 2403 6)
586 2360 633 2394 Ut
655 2372 694 2393 ex
718 2358 869 2394 laudatis
892 2356 1140 2402 laudandisque
1171 2356 1253 2402 locis
1284 2365 1392 2401 patet.
1509 2359 1546 2403 7)
1572 2359 1615 2396 Π,

197 2417 283 2452 wll
299 2446 307 2460 ,
332 2419 409 2453 263.
440 2416 538 2463 Apud
556 2416 734 2450 Cretenses
760 2415 935 2458 θεράπων
959 2419 1010 2446 cst
1031 2411 1191 2455 armiger.
1237 2410 1315 2446 vid.
1340 2411 1479 2448 Mulier.
1504 2414 1569 2458 Op,
1588 2414 1616 2452 l,

198 2473 266 2508 vol.
297 2472 363 2508 111.
400 2485 431 2517 p.
465 2473 519 2505 53.
644 2470 682 2513 8)
708 2470 757 2505 Ut
785 2468 851 2504 Od.
881 2467 955 2511 IV,
979 2468 1023 2501 25
1046 2477 1140 2510 seqq.
1174 2463 1216 2498 cl.
1251 2476 1301 2499 vs.
1322 2467 1377 2500 58.
1408 2466 1448 2500 ad
1475 2480 1508 2513 q,
1543 2467 1614 2504 vid·

199 2526 378 2571 Nitzsch.,
403 2527 456 2560 cui
489 2525 637 2571 plurima
661 2524 836 2559 debemus.
883 2521 936 2557 Cf.
959 2521 1070 2565 Heyn.
1098 2519 1178 2555 Var.
1207 2518 1317 2554 Lectt.
1347 2528 1381 2555 et
1401 2521 1542 2558 observ.
1573 2523 1616 2555 ad

201 2583 244 2617 11.
268 2581 315 2615 Vl
331 2610 339 2626 ‚
366 2586 419 2616 11⁴4.
515 2579 551 2626 9)
578 2578 656 2614 vVid.
678 2578 721 2615 Il.
746 2579 787 2624 I,
813 2579 889 2612 521.
914 2576 977 2611 Od.
996 2575 1035 2619 I,
1062 2575 1124 2609 106
1149 2584 1244 2618 seqq.
1279 2574 1416 2620 XVIII,
1441 2589 1503 2622 29¹
1524 2588 1617 2622 seqq.

206 2637 263 2678 ιο)
290 2636 341 2669 Ita
374 2635 526 2669 Nitzsch.
561 2633 602 2668 ad
634 2632 700 2669 Od.
722 2632 764 2677 1,
790 2644 866 2677 ¹09·
912 2629 1087 2667 Posterius
1121 2627 1207 2664 illud
1237 2627 1400 2675 probatur
1423 2630 1487 2668 Od.
1518 2630 1616 2676 XIX,

207 2691 283 2727 155.
332 2689 384 2726 Cf.
413 2689 562 2734 llesych.
591 2689 627 2723 in
653 2700 684 2724 r.
705 2689 869 2733 κήρυκες.
