1780 3120
555 134 1132 208 HOM'ERIGA,
1462 151 1560 210 5125

148 301 417 363 querantur.
492 290 564 338 De
592 287 805 336 Simo'isio
837 288 1010 335 Poeta:
1317 351 1323 355 1

290 386 1041 407 ................
1075 354 1154 400 οὐδὲ
1182 361 1323 400 τοκεῦσι

289 427 474 487 Θρέπτρα
497 424 610 487 φίλοις
641 421 810 468 ἀπέδωκε
829 457 842 479 ‚
873 420 1099 480 μινυνθάδιος
1126 422 1166 467 δέ
1196 427 1226 465 οἱ
1257 423 1346 465 αἰὼν

272 487 442 549 ”Eri->4510
467 497 502 534 ¹.
627 543 630 546 ἢ

151 552 333 602 Eadem
359 553 544 619 pietatis
569 550 794 616 religione
829 549 957 596 ducti
991 549 1198 597 nutrices
1226 566 1278 595 ac
1305 556 1582 614 praecepto-

148 634 224 669 res
250 636 433 666 summo
463 636 570 666 cum
600 618 776 664 honore
807 625 909 662 tum
938 614 1230 664 observantia
1269 631 1354 680 per
1389 631 1576 661 omnem

151 686 298 734 vitam
344 684 584 742 colebant,
622 691 673 730 ut
706 682 765 728 de
810 680 1060 745 Euryclea,
1107 681 1165 727 de
1203 682 1454 728 Nausica'e's
1498 699 1582 728 nu-

153 752 272 798 trice
293 787 305 809 ,
342 748 402 795 de
433 749 668 796 Phoenice
704 747 895 812 aliisque
939 747 1190 793 memoriae
1220 746 1459 812 proditum
1492 755 1580 795 est.

155 813 430 863 Muneribus
462 823 700 879 praeterea
742 821 821 859 aut
861 810 1103 860 beneficiis
1139 830 1164 859 a
1192 811 1386 879 pupillis
1431 811 1579 861 hona-

155 880 354 939 bantur,
387 889 441 926 ut
477 879 718 938 Phoenix,
753 879 828 925 cui
856 876 1090 937 Achilles,

275 945 402 1004 Ἶσον,
437 945 618 1010 inquit,
653 946 734 1004 ἐμοὶ
759 946 966 1002 βασίλευε,
1002 952 1065 991 καὶ
1093 946 1212 1003 ἥμισυ
1234 952 1358 1008 μείρεο
1382 955 1490 1006 τιμῆς
1513 956 1548 991 2.

222 1010 264 1075 ξ.
301 1011 352 1062 3.
417 1010 607 1057 Parenti
648 1009 797 1056 illatas
840 1008 1035 1070 injurias
1080 1009 1274 1069 ulcisci,
1325 1008 1580 1058 liberorum

160 1092 346 1142 quoque
409 1074 658 1123 virtutibus
715 1084 762 1121 et
810 1072 1028 1119 laudibus
1082 1083 1431 1122 annumeratur.
1509 1075 1582 1123 De

162 1145 329 1191 Oreste
369 1142 495 1187 enim
517 1178 530 1199 ‚
575 1140 656 1205 qui
694 1139 838 1205 patris
888 1138 1077 1186 caedem
1124 1140 1333 1203 Aegisthi
1383 1139 1584 1190 adulteri

162 1224 277 1255 nece
302 1206 427 1254 ultus
450 1214 575 1265 erat,
614 1222 723 1252 cum
745 1212 1024 1251 memoraret
1046 1205 1375 1265 Telemachu8‚
1409 1207 1461 1253 in
1488 1224 1582 1256 ma-

163 1271 358 1322 tricidae
386 1270 576 1320 laudem
601 1270 807 1319 addidit:

294 1343 379 1387 Καὶ
409 1343 492 1392 λίην
526 1350 635 1392 κεῖνος
666 1342 734 1399 μὲν
762 1339 911 1385 ἐτίσατο
930 1376 943 1396 ,
975 1342 1038 1384 καὶ
1070 1345 1100 1384 οἱ
1126 1337 1277 1400 Ἀχαιοί

300 1407 460 1451 Oto-oum
487 1407 588 1458 κλέος
623 1407 734 1467 εὐρὺ,
771 1409 834 1449 καί
853 1405 1082 1465 ἐσσομένοισι
1120 1405 1243 1457 ἀοιδήν
1266 1403 1304 1451 5.

165 1467 308 1535 Cujus
346 1469 396 1516 in
421 1468 645 1535 praeclari
677 1468 893 1517 facinoris
933 1469 1210 1517 memoriam
1243 1467 1430 1516 rediens
1453 1469 1582 1534 ipse,

164 1549 415 1600 procorum
454 1534 754 1581 insolentiam
790 1552 843 1581 ac
880 1534 1190 1580 temeritatem
1230 1534 1458 1599 puniendi
1506 1553 1588 1582 cu-

167 1597 333 1667 pidine
360 1599 559 1663 flagrans
579 1638 592 1659 ‚
628 1600 744 1647 haec
774 1615 834 1645 ex
863 1600 959 1646 imo
988 1609 1178 1663 pectore
1206 1608 1308 1647 vota
1329 1599 1505 1648 edidit:

300 1668 354 1713 A?
376 1671 452 1731 γὰρ
472 1667 554 1728 ἐμοὶ
585 1667 761 1719 τοσσήνδε
784 1670 855 1712 θεοὶ
882 1667 1036 1727 δύναμιν
1061 1671 1260 1730 παραθεῖεν

298 1735 490 1779 Τι’σοισθαι
512 1745 730 1794 μνηστῆρας
761 1735 994 1794 ὑπερβασίης
1019 1735 1234 1795 ἀλεγεινῆς,

306 1801 403 1844 Οἵτε
437 1818 498 1858 μοι
529 1801 738 1860 ὑβρίζοντες
770 1800 969 1843 ἀτάσθαλοι
996 1806 1258 1858 μηχανόωνται
1279 1800 1316 1845 4.

173 1857 483 1911 Paternorum
531 1870 693 1908 contra
735 1862 964 1909 factorum
1016 1877 1197 1926 poenas
1244 1862 1436 1910 luebant
1490 1862 1589 1913 filib

173 1927 246 1975 Ita
287 1929 339 1975 in
376 1926 644 1973 Antimachi
685 1936 819 1973 natos
867 1926 1013 1991 patris
1049 1931 1177 1987 λώβην
1211 1927 1336 1975 ultus
1373 1938 1443 1976 est
1476 1931 1594 1994 Aga*

173 2009 418 2041 memnon.
480 1992 789 2039 Antimachus
823 1992 1001 2039 scilicet

311 2095 323 2107 .
450 2095 464 2109 .
499 2061 577 2104 ποτ’
600 2060 655 2104 ε’νὶ
687 2062 831 2120 Τρώων
858 2062 975 2122 ἀγορῇ
1011 2062 1198 2108 Μενέλαον
1217 2059 1382 2125 ἄνωγεν,

299 2124 497 2188 Ἀγγελίην
521 2126 670 2172 ἐλθόντα
699 2129 766 2171 σὺν
788 2129 941 2187 ἀντιθέῳ
959 2126 1152 2184 Ὀδυσῆϊ,

314 2190 409 2237 Αῧθι
443 2203 707 2248 κατακτεῖναι,
743 2191 834 2251 μηδ’
862 2192 995 2250 ἐξέμεν
1025 2191 1081 2252 ἀψ
1096 2193 1132 2246 ἐς
1158 2191 1330 2254 Ἀχαιούς
1353 2193 1391 2239 5.

180 2255 336 2322 Hujus
365 2256 504 2319 igitur
531 2255 646 2301 filios
667 2271 683 2312 ,⁶
710 2255 790 2319 qui
814 2272 873 2301 ne
909 2253 1164 2320 quidquam
1193 2267 1391 2304 mortem
1433 2256 1599 2323 depre-

185 2321 412 2369 cabantur
429 2358 441 2379 ,
476 2322 713 2368 interfecit
740 2321 1062 2384 Agamemnon
1084 2340 1093 2367 :

315 2389 400 2433 Νῦν
428 2392 497 2448 μὲν
523 2390 568 2442 δὴ
595 2398 656 2434 τσῦ
683 2392 821 2448 πατρὸς
849 2392 976 2432 ἀεικέα
998 2395 1118 2435 τίσετε
1144 2391 1271 2448 λώβην
1295 2389 1333 2438 5.

194 2577 199 2580 Ι
233 2530 271 2574 2)
297 2530 340 2565 Il.
360 2529 410 2564 IV
427 2558 438 2575 ,
461 2533 539 2578 477.
575 2531 652 2575 adq.
687 2529 710 2565 l.
732 2528 800 2562 vid.
823 2528 935 2574 Heyn.
1053 2530 1092 2575 2)
1118 2531 1162 2568 Il.
1186 2532 1254 2576 lx,
1279 2533 1355 2566 612.
1474 2528 1512 2572 5)
1537 2527 1607 2575 Od,

187 2584 270 2628 111,
302 2586 368 2620 203
396 2597 467 2631 seq.
592 2586 630 2630 4)
657 2584 722 2621 Od.
752 2583 829 2628 111,
862 2586 926 2620 205
953 2596 1048 2631 seqq.
1167 2589 1205 2631 5)
1233 2586 1274 2622 ΙΙ.
1311 2583 1380 2629 XI,
1416 2584 1480 2629 ¹39
1511 2595 1608 2629 seqq.

190 2637 228 2683 6)
255 2637 296 2675 Il.
321 2638 362 2678 L.
379 2638 404 2677 l.
430 2652 478 2678 vs.
502 2641 577 2679 ²42-

1402 2749 1614 2799 CAPUT
