1780 3120
170 132 274 200 τηις
545 134 1223 196 ANTIQuirAs

381 478 639 528 CAPUT
687 476 1053 526 DECIMUM
1102 475 1402 530 NONUM.

309 629 375 659 DE
417 624 752 657 LIBERORUM
798 624 857 657 IN
904 625 1190 656 PARENTES
1243 625 1486 662 OFFICIO.

244 787 285 852 ξ.
325 805 368 837 1.
433 757 526 834 Ut
556 788 757 850 majores
788 787 1005 833 universe
1036 789 1295 835 reverentia
1318 795 1605 855 prosequun-

185 862 264 901 tur
284 851 490 917 juniores
515 862 532 887 ¹
547 889 560 911 ,
596 852 663 899 ita
690 852 892 899 maximo
915 860 962 897 et
987 868 1142 898 amore
1171 862 1217 900 et
1241 854 1419 902 honore
1445 870 1607 920 paren-

188 927 258 968 tes
300 916 697 983 amplectebantur
731 916 897 975 liberi,
946 934 1144 981 quorum
1181 919 1230 965 in
1269 919 1371 966 illos
1417 919 1606 985 pietatis

191 983 403 1048 exempla
442 981 590 1030 multa
630 999 775 1046 eaque
816 983 1010 1046 insignia
1054 991 1250 1030 exstant.
1327 986 1489 1052 Itaque
1528 1002 1609 1048 pa-

187 1058 345 1098 rentes
379 1046 618 1095 offendere
658 1046 870 1111 religiose
907 1045 1220 1105 verebantur,
1254 1052 1388 1113 cujus
1417 1050 1610 1115 quidem

191 1115 444 1179 impietatis
473 1112 662 1160 ultrices
679 1112 767 1160 sibi
784 1113 955 1160 instare
985 1111 1453 1178 credebant'Epm5;‚
1490 1131 1610 1181 quae

190 1179 475 1228 scholiastae
511 1179 733 1226 (licuntur
769 1184 1002 1242 καταχθόνισι
1037 1180 1227 1239 δαιζαονες,
1261 1185 1501 1244 τιμωρητικοί
1539 1191 1613 1226 τῶν

191 1258 383 1310 πατρικῶν
421 1247 678 1305 ἀσεβημάτων
699 1256 737 1292 2.
804 1248 949 1308 Cujus
985 1260 1163 1308 poenae
1215 1247 1484 1308 gravitatem
1531 1261 1614 1291 suo

192 1310 367 1360 damno
381 1312 524 1357 sensit
541 1310 751 1357 Phoenix
769 1347 780 1369 ‚
796 1310 873 1356 cui
892 1318 1138 1375 paternam
1161 1310 1374 1376 pellicem
1400 1320 1619 1376 stupran-

199 1377 238 1423 ti
275 1377 376 1424 dira
408 1376 562 1423 omnia
585 1377 867 1440 imprecatus
901 1383 972 1421 est
998 1384 1158 1440 pater,
1195 1380 1422 1444 cujusque
1453 1392 1617 1442 preces

199 1440 507 1489 exaudierunt
540 1440 825 1488 immortales
848 1441 885 1489 5.
953 1439 1136 1492 Eadem
1165 1441 1222 1488 de
1244 1461 1381 1490 causa
1411 1460 1435 1489 a
1467 1449 1616 1488 matre

197 1508 346 1558 invita
372 1508 430 1555 ad
458 1515 639 1573 patrem
665 1505 943 1557 dimittenda
965 1505 1054 1559 sibi
1084 1516 1213 1554 cavet
1244 1507 1571 1555 Telemachus.

262 1575 338 1621 Ἐκ
363 1580 439 1637 γὰρ
463 1584 523 1620 τοῦ
546 1577 681 1636 πατρὸς
697 1609 708 1631 ‚
739 1573 916 1637 inquit,
944 1577 1044 1619 κακοὶ
1069 1580 1264 1634 πείσομαι,
1297 1574 1398 1621 ἄλλα
1415 1575 1453 1620 δὲ
1477 1575 1619 1633 δαίμων

274 1643 433 1686 Atinae
467 1643 543 1685 ἐπεὶ
565 1646 693 1700 μήτηρ
723 1644 904 1699 στυγερὰς
930 1638 1082 1700 ἀρήσετ’
1105 1639 1268 1701 Ἑριννῦς
1291 1639 1329 1686 4.

263 1704 304 1768 ξ.
341 1720 386 1752 2.
456 1702 556 1749 Nec
580 1705 752 1767 pietate
781 1703 899 1748 vitae
928 1711 1136 1749 auctores
1160 1704 1378 1769 prosequi
1401 1703 1508 1750 satis
1535 1702 1619 1750 ha·-

203 1769 380 1818 bebant
393 1769 494 1816 nati
514 1805 526 1827 ‚
560 1767 644 1815 sed
663 1768 864 1833 praemia
890 1766 1118 1833 quaedam
1151 1784 1232 1814 seu
1275 1769 1424 1827 dona,
1459 1774 1621 1832 θρεπτή-

203 1857 268 1900 ρια
313 1853 351 1884 S.
389 1840 578 1899 θρέπτρα,
613 1834 671 1880 iis
716 1832 1002 1889 offerebant,
1041 1832 1212 1896 quibus
1252 1834 1437 1881 illorum
1488 1850 1622 1880 curas

202 1903 347 1971 inque
385 1901 590 1966 ipsorum
626 1899 900 1946 educatione
938 1898 1194 1945 adhibitam
1234 1898 1522 1963 diligentiam
1558 1899 1623 1946 ita

203 1965 547 2032 rependerent,
581 1973 634 2011 ut
650 2004 661 2023 ‚
686 1981 803 2029 quae
823 1981 940 2028 opus
965 1964 1230 2030 parentibus
1253 1973 1437 2024 essent,
1475 1964 1626 2012 abun.

201 2032 265 2080 de
294 2033 349 2079 iis
371 2049 452 2097 per
478 2031 617 2079 vitam
649 2031 1000 2095 impertirentur
1019 2068 1030 2089 ‚
1066 2030 1141 2075 cui
1168 2031 1245 2095 pio
1280 2030 1430 2077 officio
1463 2029 1624 2076 deesse

202 2098 333 2146 nefas
371 2097 610 2144 duxerunt
632 2095 669 2145 5.
735 2097 806 2142 Ita
830 2097 916 2154 fit,
965 2104 1017 2141 ut
1062 2094 1308 2143 immatura
1350 2104 1500 2142 morte
1545 2094 1622 2140 ab-

205 2164 330 2230 repti
365 2162 482 2210 illud
522 2162 729 2210 officium
772 2179 798 2208 a
835 2178 883 2207 se
919 2160 1191 2227 parentibus
1231 2177 1327 2210 non
1363 2159 1626 2208 exhibitum

1514 2242 1625 2292 (IUC-

256 2361 292 2405 1)
318 2360 402 2394 vid.
421 2373 451 2397 1.
475 2372 507 2406 g.
553 2357 597 2393 11.
619 2356 753 2398 XXIII,
776 2358 967 2403 586—95.
1000 2356 1060 2390 XV
1076 2385 1085 2402 ,
1110 2359 1188 2396 204.
1211 2356 1275 2391 Od.
1298 2354 1372 2399 111,
1395 2357 1449 2392 51.
1499 2356 1627 2395 Nesto-

211 2417 261 2458 ris
285 2415 374 2460 apud
396 2426 512 2449 omnes
537 2412 824 2447 existimationem
845 2419 880 2445 et
905 2413 1165 2457 auctoritatem,
1190 2423 1241 2444 me
1275 2421 1343 2444 non
1365 2419 1543 2450 monente,
1567 2422 1629 2445 co-

214 2470 344 2517 gitatis.
393 2469 474 2506 vid.
496 2467 610 2514 plures
633 2467 656 2503 l.
683 2468 742 2502 cit.
763 2467 804 2500 ad
825 2465 977 2502 Nitzsch.
1011 2467 1054 2500 ad
1078 2467 1142 2502 Od.
1163 2466 1220 2510 II,
1244 2468 1407 2501 22—24.
1509 2465 1548 2509 2)
1574 2464 1626 2499 Ad

210 2525 237 2562 l.
259 2525 283 2561 1.
315 2523 359 2561 Il.
381 2523 448 2569 IX,
473 2525 553 2558 454.
599 2521 652 2554 De
673 2522 788 2555 Furiis
813 2521 911 2567 plura
935 2520 1002 2556 vid.
1028 2523 1116 2556 1..1.
1142 2534 1169 2556 c.
1186 2534 1218 2556 2·
1246 2522 1275 2567 ς.
1291 2532 1320 2556 1.
1352 2528 1386 2554 et
1410 2521 1449 2557 L.
1472 2519 1521 2557 II·
1546 2532 1575 2555 e.
1593 2521 1628 2561 8,

214 2582 246 2626 §.
269 2581 301 2615 5.
376 2579 414 2623 5)
441 2575 584 2613 Vid.11.
600 2575 668 2615 IX,
693 2578 761 2611 454
773 2588 866 2621 seqq.
957 2575 996 2618 4)
1020 2575 1156 2619 (kl-11,
1182 2576 1245 2610 134
1265 2586 1335 2619 seq.
1361 2574 1403 2608 ad
1428 2588 1461 2620 q.
1478 2573 1501 2610 l.
1527 2574 1627 2608 adeas

214 2632 366 2670 Nitzsch.
385 2633 534 2679 Πατρὸς
558 2631 625 2667 i.e·
647 2630 792 2664 Laertae
808 2658 817 2674 ,
841 2629 1029 2674 Penelopae
1052 2631 1174 2677 patris.
1242 2629 1281 2673 5)
1309 2627 1626 2663 Cf.Wachsmuth.

212 2688 275 2734 Op.
292 2687 315 2725 L
340 2688 404 2726 vol.
430 2688 458 2725 1.
484 2699 517 2733 p.
538 2687 594 2721 84.
621 2693 656 2720 et
678 2684 849 2721 Nitzseh’s
870 2684 1127 2730 lhschreibung
1151 2692 1215 2722 etc.
1239 2684 1306 2720 vol.
1329 2682 1360 2720 I.
1384 2696 1415 2729 p.
1441 2684 1508 2719 456
1533 2693 1625 2727 seqq.
