1780 3120
157 128 221 190 25
514 128 1211 192 ANTIQU1TAS

358 292 374 307 .
413 299 425 310 .
460 268 496 310 εἴ
523 271 609 312 ποτέ
641 283 693 310 τοι
729 261 892 324 χαρίεντ’
919 266 978 307 ἐπῖ
1008 266 1090 316 νηὸν
1106 265 1260 324 ἔρεψα,

302 349 304 351 ’
348 327 410 375 ”Η
442 334 475 375 εἷ
504 330 551 383 δή
581 335 666 376 ποτέ
698 347 750 372 τοι
782 331 880 371 κατὰ
912 332 1016 373 πίονα
1047 330 1159 389 μηρί’
1182 328 1278 389 ἐ’κῃα

360 397 544 457 Ταύρων,
577 395 635 446 ἠδ’
663 397 797 453 αἰγῶν.
832 393 911 437 τάδε
939 411 999 451 μοι
1032 399 1184 453 κρῃήνον
1215 394 1364 456 ἐέλδωρ.

166 457 283 508 Aliis
309 467 462 506 autem
491 458 615 504 bona
645 455 963 520 deprecaturi,
998 473 1090 501 non
1127 474 1207 502 sua
1253 456 1578 520 praedicabant

172 523 354 581 merita,
391 523 473 571 sed
505 523 715 579 illorum,
754 529 805 567 ut
827 522 1085 567 Eumaeum
1112 521 1163 567 in
1181 521 1358 585 Ulyssis
1389 524 1581 586 gratiam

169 589 327 636 fecisse
358 589 550 652 legimus
574 600 607 632 1,
688 586 809 632 Hinc
848 587 985 631 etiam
1014 586 1213 642 factum,
1251 596 1301 632 ut
1329 604 1385 633 ex
1412 588 1585 650 opinio-

169 671 231 704 ne
257 671 338 700 sua
362 658 461 720 jure
483 670 658 700 numen
685 652 909 714 injustum
936 660 982 697 et
1008 652 1237 714 ingratum
1265 653 1427 698 acriter
1446 651 1586 701 inclaff-

174 728 357 766 marent
376 756 387 777 ,
425 720 463 765 si
485 717 669 784 quando
703 725 781 762 aut
809 716 952 781 petita
981 732 1077 761 non
1110 716 1370 763 obtinerent
1409 726 1486 763 aut
1515 733 1587 762 ca-

173 784 379 833 lamitate
419 791 774 848 premerentur,
817 798 934 847 quae
984 799 1068 846 pro
1104 781 1264 828 oblatis
1302 781 1537 828 beneficiis
1566 798 1592 828 a

174 849 276 895 Deo
293 852 433 897 averti
459 848 697 895 debuerat.
749 847 896 910 Igitur
925 846 1182 912 injustitiae
1212 856 1258 894 et
1278 848 1419 893 animi
1440 848 1590 909 ingra-

174 915 212 961 ti
228 915 371 961 Zeum
399 916 577 962 incusat
595 916 911 976 Agamemnon
929 949 940 969 ,
976 911 1104 977 quod
1134 930 1239 958 cum
1274 913 1446 959 Danais
1471 912 1596 958 Hec-

173 981 263 1027 tori
291 979 454 1026 cedere
493 987 759 1042 cogeretur,
793 979 1003 1042 quamvis
1030 977 1247 1024 omnibus
1284 979 1332 1024 in
1363 994 1468 1023 eum
1497 977 1595 1042 pie-

171 1045 279 1094 tatis
312 1045 472 1092 officiis
497 1060 680 1108 semper
722 1052 841 1088 esset
867 1041 1111 1088 defunctus
1133 1054 1170 1088 2.

240 1110 277 1172 ξ.
313 1110 359 1157 6.
426 1109 563 1170 Quod
596 1108 656 1154 ad
688 1106 984 1172 supplicandi
1026 1109 1166 1153 ritum
1207 1108 1406 1163 attinet,
1443 1107 1596 1154 Oculos

175 1192 430 1240 manusque
471 1176 531 1222 ad
562 1176 680 1221 Deos
729 1172 956 1219 tollebant
1001 1181 1047 1218 et
1085 1171 1259 1218 coelum
1311 1189 1466 1219 versus
1499 1181 1600 1217 ten-

179 1239 376 1299 debant,
413 1240 539 1305 quod
567 1256 622 1286 ex
657 1239 851 1285 infinitis
879 1236 1004 1301 apud
1036 1238 1294 1283 Homerum
1321 1237 1434 1283 locis
1463 1254 1600 1300 appa-

181 1314 254 1352 ret
277 1304 312 1352 3.
397 1307 440 1352 A
471 1304 640 1370 quibus
689 1304 814 1349 enim
854 1302 1075 1349 auxilium
1115 1303 1329 1364 precibus
1368 1304 1597 1366 petimus,

183 1370 244 1417 ad
274 1386 350 1417 eos
381 1387 546 1416 manus
582 1367 774 1414 tendere
801 1375 961 1411 natura
1007 1366 1126 1410 duce
1155 1365 1367 1412 solemus.
1440 1367 1603 1431 Itaque

182 1436 330 1494 Deos,
365 1452 479 1500 quos
520 1434 569 1479 in
601 1432 863 1478 sublimiore
909 1430 1074 1476 mundi
1106 1439 1233 1494 parte
1264 1430 1420 1477 sedem
1458 1431 1603 1478 habe-

180 1518 232 1547 re
269 1500 562 1557 statuebant,
614 1496 675 1544 acl
724 1514 826 1542 eam
872 1495 1165 1560 potissimum
1213 1505 1393 1560 partem
1445 1506 1605 1544 exten-

183 1567 245 1613 sis
286 1565 494 1612 manibus
546 1562 798 1610 adorabant
821 1561 859 1608 4.
928 1562 1020 1619 Qui
1047 1569 1207 1607 contra
1246 1562 1366 1607 Deos
1400 1563 1603 1608 marinos

184 1630 404 1696 precibus
428 1629 641 1685 adibant,
686 1643 844 1672 versus
879 1642 1004 1671 mare
1034 1642 1200 1671 manus
1232 1627 1516 1684 tendebant,
1553 1635 1604 1673 ut

186 1705 380 1743 matrem
429 1702 641 1760 precatur
682 1691 885 1738 Achilles
918 1698 1026 1754 ὁρόων
1067 1696 1126 1735 έπί
1162 1697 1285 1737 οἴνοπα
1318 1699 1442 1739 πόντον
1475 1706 1604 1755 χεῖρα-,ς

185 1767 330 1825 ὀρεγνύς
351 1760 391 1807 5.
441 1752 700 1807 Inferorum
729 1756 931 1820 denique
956 1772 1091 1820 opem
1115 1755 1417 1819 implorantes
1438 1767 1606 1803 terram

191 1825 410 1872 manibus
443 1824 689 1889 pulsabant
711 1822 749 1868 6,
797 1820 1108 1867 Precabantur
1133 1830 1285 1866 autem
1311 1821 1384 1866 vel
1402 1831 1571 1868 stantes
1589 1860 1602 1878 ‚

193 1891 465 1956 praesertim
494 1889 574 1935 ubi
617 1889 734 1934 Deos
773 1891 951 1949 οὐρανίους
985 1894 1140 1930 essent
1187 1886 1415 1932 adoraturi
1439 1899 1460 1933 7
1484 1925 1494 1942 ,
1530 1888 1607 1934 vel

194 1955 429 2019 supplices
464 1954 593 2000 humi
629 1951 854 1998 sedebant
884 1950 1058 2013 pedum
1087 1950 1289 1996 calcibus
1323 1953 1421 1997 nixi
1446 1953 1494 2010 8,
1535 1953 1607 2000 vel

193 2020 254 2067 ad
280 2020 421 2085 pedes
456 2023 580 2083 ejus‘,
619 2019 689 2063 cui
718 2015 1060 2080 supplicarent,
1096 2031 1193 2061 sese
1225 2016 1606 2079 prosternebant,

191 2085 333 2133 altera
353 2103 492 2132 manu
511 2087 608 2145 ejus
632 2099 778 2144 genua
801 2079 1024 2144 amplexi,
1060 2080 1199 2127 altera
1211 2089 1416 2127 mentum
1447 2089 1610 2130 tenen-

192 2160 289 2199 tes:
325 2169 416 2216 quo
449 2150 589 2197 modo
620 2148 781 2194 Thetis
817 2153 905 2199 Δίος,

1501 2248 1512 2260 .
1545 2216 1614 2261 λά-

243 2345 280 2391 1)
305 2343 370 2380 Od.
389 2341 506 2383 XVII,
530 2345 596 2389 239
619 2355 712 2388 seqq.
737 2341 778 2375 ad
798 2340 832 2377 h.
849 2340 873 2377 l.
986 2340 1024 2386 2)
1049 2340 1092 2375 Il·
1122 2339 1228 2385 VIII,
1251 2342 1329 2377 236.
1454 2340 1490 2384 5)
1517 2341 1556 2378 Ε.
1579 2354 1609 2384 g.

200 2403 244 2438 Il.
266 2401 305 2446 I,
329 2403 407 2435 450.
432 2398 512 2442 HI,
539 2401 613 2434 113.
651 2398 715 2433 vd.
740 2397 775 2430 Il
791 2424 800 2440 ,
825 2397 903 2430 261·
928 2394 998 2440 IV,
1026 2397 1101 2441 759.
1147 2394 1229 2427 Inde
1254 2401 1430 2440 precantes
1451 2395 1612 2433 dicuntur

206 2463 333 2502 χεῖρας
358 2455 530 2496 ἀνασχεῖν
554 2451 596 2485 11.
629 2451 757 2496 XXIV,
782 2452 864 2494 301,
889 2451 967 2483 500.
1005 2457 1039 2483 ct
1065 2448 1107 2484 ll.
1131 2448 1215 2493 XV,
1243 2450 1301 2494 571
1325 2448 1421 2483 addit
1441 2449 1610 2485 Homerus

207 2514 259 2549 εἷς
281 2509 432 2554 οὐρανὸν
457 2506 690 2551 ἀστερόεντα.
811 2503 848 2546 4)
876 2503 917 2538 Il.
946 2503 1019 2546 III,
1045 2505 1121 2538 518.
1257 2503 1295 2546 5)
1321 2503 1362 2538 Il.
1388 2504 1425 2548 I,
1450 2506 1515 2539 350
1539 2517 1610 2550 seq,

203 2567 242 2609 6)
270 2564 346 2598 vid.
368 2562 409 2596 ll·
430 2561 475 2594 IX
490 2588 499 2604 ,
522 2563 588 2595 564
602 2573 668 2605 seq.
695 2559 777 2604 ihiq.
825 2558 935 2602 llcyu.
955 2566 988 2591 ct
1011 2558 1164 2601 Romen.
1235 2562 1270 2604 7)
1294 2558 1426 2594 Passim
1457 2558 1492 2593 in
1513 2558 1556 2595 ll,
1577 2566 1612 2594 et

199 2621 320 2666 odyss.
340 2617 378 2663 8)
404 2616 452 2652 Ut
474 2613 514 2652 Il.
540 2615 607 2661 IX,
629 2617 694 2661 567
720 2614 871 2648 infernos
892 2612 982 2646 Deos
1008 2613 1188 2657 invocans.³
