1780 3120
263 112 366 169 302
651 115 1339 178 ANTIQUITAS

255 266 350 314 quo
381 246 440 295 de
463 246 607 295 boum
638 248 686 295 in
712 249 920 295 aratione
946 266 1037 296 usu
1071 248 1264 314 exposui
1288 260 1307 286 ¹
1324 286 1338 307 ‚
1371 248 1500 297 unde
1527 267 1676 303 unum

257 314 477 378 idemque
502 317 660 378 jugum
693 313 879 371 ambos,
906 324 957 361 ut
987 324 1139 360 tauros
1164 325 1211 361 et
1239 315 1412 373 mulos,
1442 316 1503 363 ita
1533 334 1678 383 equos

259 383 441 446 junctos
472 382 672 426 tenuisse
704 380 919 442 apparuit
997 382 1145 426 Erant
1171 390 1325 426 autem
1356 382 1557 447 utrisque
1584 386 1677 449 jugi

257 446 625 492 extremitatibus
657 444 808 502 orbes,
836 449 983 508 ζεῡγὶαι
1007 456 1054 503 2,
1084 446 1241 502 infixi,
1277 447 1445 510 quibus
1487 457 1678 516 uterque

257 528 402 576 equus
438 522 576 576 caput
621 510 869 558 inserebat.
936 512 1211 575 Priusquam
1241 512 1453 558 curribus
1482 516 1678 576 jungan-

253 585 332 623 tur
356 578 488 642 equi,
525 581 682 639 jugum
714 576 853 622 altera
896 581 1118 639 ζυγεδέσμευ
1154 586 1313 641 parte,
1350 587 1402 624 ut,
1442 595 1676 643 superlore

253 643 543 707 paragrapho
565 643 790 698 vidimus,
821 643 994 688 temoni
1011 660 1191 688 summo
1215 644 1308 708 jam
1337 642 1564 705 alligatum
1595 656 1679 694 est.

253 711 409 773 Equos
442 709 580 771 igitur
614 707 814 773 iuncturi
840 724 933 752 non
961 716 1057 753 tum
1089 709 1294 772 primum
1319 708 1494 754 temoni
1523 713 1680 774 jugum

252 779 480 838 adaptant
498 812 508 831 ‚
546 777 625 821 sed
649 778 739 838 jam
766 774 921 819 currui
947 774 1179 820 adnexum
1222 773 1362 819 boum
1394 790 1678 838 equorumve

255 840 512 887 cervicibus
545 840 820 905 imponunt,
861 847 908 884 ut
933 839 990 884 de
1020 840 1138 884 Here
1172 840 1353 885 monuit
1378 840 1637 890 Homerus:

393 941 648 953 ......
686 911 753 951 ὑπὸ
782 908 821 952 δὲ
849 910 953 965 ζυγὸν
985 904 1248 967 ἤγαγεν“Ἠρη

368 973 525 1025 Ἵππους
552 974 738 1024 mimda
763 969 800 1016 5.

253 1037 373 1083 Sunt
411 1037 490 1101 qui
553 1053 695 1102 equos
742 1053 837 1082 non
889 1034 1029 1082 altera
1086 1039 1310 1097 ζυγιὸέσμευ
1374 1048 1538 1103 parte,
1592 1038 1676 1088 sed

251 1101 350 1148 aliis
393 1102 608 1158 funibus,
649 1106 753 1166 jugo
801 1100 1010 1164 alligatos
1051 1118 1150 1147 esse
1179 1100 1434 1163 affirment,
1469 1122 1588 1171 quae
1616 1109 1678 1152 λε’-

247 1171 373 1214 παόια
405 1167 572 1214 dixerit
609 1169 864 1225 Homerus,
900 1186 988 1231 qua
1028 1184 1139 1214 voce
1171 1166 1333 1214 eadem
1372 1169 1467 1217 lora
1503 1171 1675 1233 signifi-

248 1234 341 1280 cari
365 1232 438 1279 alii
477 1244 714 1291 statuunt,
753 1251 870 1301 quae
917 1236 1099 1298 saepius
1148 1235 1357 1296 ζυγέδεσμα
1401 1254 1676 1301 nuncupan-

248 1308 340 1346 tur.
419 1299 661 1365 Quidquid
693 1301 784 1355 sit,
839 1302 943 1364 juga
967 1300 990 1334 4
1028 1300 1151 1360 ligno
1199 1308 1491 1362 transverso,
1545 1301 1675 1367 quod

244 1367 421 1412 temoni
453 1375 658 1412 extremo
691 1364 937 1430 affigebant
958 1403 969 1423 ‚
1004 1365 1176 1411 inserta
1217 1382 1442 1429 equorum
1472 1369 1672 1416 cervici·-

245 1429 336 1479 bus
382 1432 776 1495 imponebantur,
826 1449 1023 1496 quorum
1063 1447 1152 1495 ope
1194 1448 1383 1478 currum
1418 1434 1675 1482 traherent.

246 1497 368 1544 Lora
411 1499 534 1543 enim
567 1515 646 1544 seu
683 1499 814 1544 funes
849 1506 994 1543 tortos
1017 1496 1064 1555 5,
1117 1513 1230 1562 quos
1264 1498 1428 1545 eodem
1477 1500 1671 1547 consilio

247 1578 471 1628 equorum
501 1563 812 1627 pectoralibus
832 1599 843 1621 ‚
875 1562 933 1608 de
964 1564 1088 1610 corio
1105 1563 1237 1609 factis
1261 1562 1282 1596 6
1310 1574 1356 1610 et
1374 1564 1497 1628 ligno
1523 1576 1674 1613 trans-

246 1644 379 1676 verso
404 1638 424 1674 7
455 1629 500 1674 in
540 1631 795 1693 posteriore
839 1630 1039 1674 temonis
1073 1637 1202 1691 parte
1232 1630 1381 1691 posito
1415 1641 1572 1677 nostra
1594 1648 1670 1677 ae-

245 1702 314 1740 tas
346 1695 576 1750 annectit,
615 1694 799 1740 heroica
843 1692 1120 1756 ignorabant
1156 1701 1391 1757 tempora:
1430 1714 1517 1760 qua
1551 1706 1673 1742 vete-

244 1777 347 1807 rum
378 1760 599 1826 jungendi
629 1761 807 1806 ratione
842 1761 1013 1805 factum
1049 1767 1141 1816 est,
1176 1767 1252 1816 ut,
1287 1762 1440 1823 priore
1477 1764 1675 1809 temonis

242 1835 375 1891 parte
416 1843 522 1872 casu
561 1824 799 1883 diffracta,
842 1825 949 1888 equi
990 1824 1274 1887 aufugerent.
1343 1826 1471 1872 Haec
1512 1837 1668 1874 autem

240 1893 323 1957 qui
352 1909 443 1938 non
473 1893 682 1951 noverit,
721 1889 955 1957 quomodo
996 1907 1167 1955 quaeso
1205 1889 1292 1937 hos
1324 1891 1518 1941 Homeri
1560 1910 1662 1941 ver-

245 1975 322 2006 sus
346 1957 608 2020 intelligat?

385 2028 522 2070 Πολλοὶ
547 2021 583 2069 δ’
613 2027 650 2069 ἐν
683 2030 813 2086 τάφρῳ
847 2027 1104 2086 ἐρυσάρματες
1132 2028 1241 2076 ὠκέες
1263 2028 1392 2080 ἵπποι,

362 2089 521 2144 ''Agora’'
545 2095 581 2135 ἐν
622 2096 758 2150 πρώτῳ
782 2092 890 2152 ῥυμῷ
917 2093 1018 2135 λίπεν
1050 2087 1191 2150 ἅρματ’
1221 2095 1388 2136 ἀνάκτων
1413 2088 1451 2138 8.

242 2164 324 2204 aut
357 2153 468 2215 hos,
506 2154 589 2202 ubi
612 2153 672 2201 de
704 2153 892 2201 Adrasti
914 2155 1067 2220 equis;

383 2253 934 2273 ............
970 2228 1180 2282 ἀτυζομένω
1196 2220 1325 2267 πεόίῡῑο
1345 2255 1358 2279 ,

1543 2284 1666 2350 ”0ch

288 2419 326 2462 ει)
351 2416 435 2454 vid.
462 2416 498 2453 h.
528 2416 570 2453 L.
607 2427 637 2452 c.
660 2429 690 2453 1.
725 2419 757 2464 §.
780 2417 813 2452 3.
942 2413 980 2458 2)
1006 2413 1090 2448 vid.
1128 2414 1171 2450 11.
1196 2413 1288 2458 XIX,
1317 2414 1393 2448 406.
1430 2414 1513 2459 ibiq.
1548 2414 1660 2456 schol,

240 2473 281 2510 B.
298 2497 308 2513 ,
332 2480 397 2507 cet.
421 2472 570 2517 Interpr.
591 2478 626 2504 et
658 2471 768 2516 Heyn.
793 2470 880 2504 Var.
904 2469 1014 2505 Lecit.
1045 2479 1080 2506 et
1109 2470 1249 2506 Observ.
1283 2467 1325 2501 ad
1363 2468 1404 2504 11.
1432 2469 1552 2513 XVII,
1577 2472 1659 2505 440·

238 2527 389 2575 Hesych.
416 2535 450 2561 et
473 2526 570 2562 Suid.
595 2528 630 2559 in
655 2537 685 2560 v.
832 2525 870 2569 5)
894 2524 937 2561 ll.
963 2524 1013 2568 V,
1037 2527 1098 2570 731
1121 2537 1193 2570 seq.
1333 2523 1372 2566 4)
1398 2523 1493 2568 Belg.
1519 2524 1560 2558 de
1591 2524 1659 2557 ha·-

238 2583 338 2619 mels.
385 2581 440 2618 Cf.
475 2580 509 2623 h.
531 2582 569 2617 L.
603 2592 631 2616 c.
652 2592 682 2616 ι.
710 2582 741 2626 5.
767 2581 799 2616 5.
953 2579 994 2624 5)
1027 2579 1124 2625 Belg.
1146 2580 1188 2613 de
1211 2589 1350 2623 reepen.
1494 2578 1533 2622 6)
1557 2577 1654 2623 Belg.

235 2638 276 2672 de
309 2637 391 2673 secl.
532 2636 568 2681 7)
592 2634 689 2680 Belg.
718 2633 759 2669 d·
803 2632 970 2680 knuppels
1016 2645 1081 2670 nn
1127 2634 1193 2670 den
1229 2633 1384 2669 Euam
1416 2633 1658 2679 mach-eht-

224 2682 274 2728 t)
301 2683 342 2719 n.
369 2681 473 2727 xv1,
508 2682 569 2727 371
595 2691 668 2725 seq.
