1780 3120
623 130 1197 183 HOMERICA.
1524 131 1623 188 ⁴:203

207 270 274 319 Iis
322 263 552 318 columnis
603 263 892 313 innitebatur
943 262 1155 328 superior
1210 263 1427 327 gynaecei
1473 281 1580 331 pars
1602 303 1621 326 ‚

207 342 407 398 ὑπερώϊον,
455 349 548 398 quo
592 329 892 379 solitudinem
927 337 1202 395 quaerentes
1237 338 1508 389 matronae,
1552 332 1621 378 fa-

205 400 345 449 mulis
361 398 637 464 plerumque
655 394 986 444 comitantibus
1002 431 1016 454 ‚
1048 393 1262 440 secedere
1290 403 1337 440 et
1364 412 1449 459 per
1475 397 1619 444 scalas

205 463 487 513 adscendere
515 463 743 511 solebant.
809 461 1070 526 Penelope,
1104 468 1158 506 ut
1185 457 1395 506 dolorem
1429 479 1488 509 ex
1523 480 1621 510 sor-

202 531 262 577 tis
286 531 529 596 iniquitate
551 536 828 595 perceptum
850 526 1063 591 lacrymis
1087 524 1234 572 libere
1258 524 1540 587 effunderet,

333 601 402 650 Εἵς
431 596 573 658 ὑπερῷ’
599 598 773 653 ἀνέβαινε
801 596 868 641 σὺν
897 596 1132 658 ἀμφιπόλοισι
1152 593 1319 655 γυναιξίν
1342 602 1379 638 ².

201 660 263 710 de
297 679 388 728 qua
414 661 586 707 iterum
613 661 786 707 Poeta:

328 727 520 786 Κλίμακα
539 727 576 772 δ’
596 729 741 787 ὑψηλὴν
765 726 1005 783 κατεβήσατο
1033 726 1086 784 οἷο,
1104 726 1222 785 δόμοιο
1242 735 1266 758 2
1286 762 1297 782 ,

328 795 417 837 Οὐκ
453 797 508 845 οἵη
527 827 539 849 ,
573 793 658 850 ἅμα
676 796 769 852 τῇγε
797 795 860 835 καὶ
880 794 1075 852 ἀμφίπολοι
1105 787 1162 837 δύ’
1189 793 1315 837 ἕποντο
1334 792 1374 838 5.

198 855 466 903 Dormitum
491 872 549 903 eo
575 855 673 902 abit
701 854 868 902 eadem
893 855 1075 920 Ulyssis
1104 859 1304 924 conjux:
1339 857 1485 921 Μήτηρ
1503 895 1516 918 ,
1548 857 1622 906 in.

197 921 304 987 quit
326 920 635 968 Telemachus
651 957 664 974 .

325 986 475 1050 Μήτηρ
501 992 551 1040 εἰς
587 988 728 1050 ὑπερῷ’
757 989 910 1050 ἀναβῇ,
945 995 1063 1033 κοίτου
1088 1006 1129 1033 τε
1150 988 1309 1049 μέδῃται
1330 987 1368 1034 4.

192 1050 460 1116 ibidemque
483 1051 623 1097 telam
647 1052 761 1098 texit
787 1052 998 1097 omnium
1023 1068 1102 1098 ore
1139 1051 1421 1100 celebratam
1442 1053 1481 1098 5.
1546 1057 1615 1103 'Eu

190 1123 361 1179 ὐπερώὶῳ
387 1133 494 1163 cum
521 1115 632 1162 belli
659 1117 760 1163 Deo
780 1116 1036 1164 concubuit
1066 1117 1299 1180 Astyoche
1323 1118 1345 1152 6
1362 1155 1374 1176 ,
1406 1128 1454 1165 et
1479 1120 1616 1184 Poly-

193 1182 312 1228 mela
349 1192 399 1241 7,
454 1180 754 1247 Helenaeque
809 1181 1026 1247 amplexu
1070 1184 1251 1246 gavisus
1305 1192 1379 1230 est
1428 1185 1612 1234 adulter

194 1247 329 1295 Paris
350 1246 388 1295 8·

254 1313 312 1360 In
346 1310 531 1359 aedium
576 1322 813 1379 praeterea
851 1319 982 1378 parte
1007 1328 1089 1372 ea,
1133 1330 1274 1378 quam
1317 1330 1343 1359 a
1384 1314 1495 1364 viris
1534 1333 1613 1365 se-

188 1380 376 1443 junctae
419 1377 746 1426 inhabitabant
781 1379 1008 1436 feminae,
1054 1380 1213 1440 θάλαμοι
1244 1394 1430 1444 quoque
1481 1382 1611 1429 iuve-

188 1443 440 1491 niebantur
461 1479 473 1501 ,
507 1443 656 1510 qualis
686 1445 944 1510 Ulysseus,
978 1459 1120 1507 quem
1151 1442 1331 1492 aditura
1366 1445 1606 1513 Penelope

310 1513 507 1570 ‘Klifmm
541 1546 553 1557 .
589 1546 602 1557 .
637 1514 781 1572 ὑψηλὴν
803 1512 1068 1573 προεβήοατο
1090 1510 1140 1555 οἷο
1168 1512 1308 1571 δόμοιο·

316 1577 372 1627 Βῆ
399 1575 434 1620 δ’
446 1580 569 1636 ἴμεναι
595 1579 801 1636 θάλαμόνδε
835 1579 902 1621 σὺν
932 1577 1169 1638 ἀμφιπόλοισι
1197 1577 1387 1638 γυναιξίν,

290 1638 519 1702 'Eunoen-v·
553 1638 645 1688 ἔνθα
669 1645 710 1690 δέ
732 1647 763 1688 οἱ
792 1643 963 1701 κειμήλια
989 1652 1085 1687 κεῖτο
1109 1640 1265 1694 ἄνακτος
1287 1651 1328 1689 9.

182 1701 243 1750 In
281 1703 353 1751 his
395 1704 588 1751 eximius
620 1707 728 1765 ille,
774 1705 853 1771 qui
896 1704 1151 1769 Eurycleae
1190 1705 1440 1755 fidissimae
1481 1711 1602 1758 curis

183 1769 428 1816 mandatus
459 1778 507 1817 et
539 1771 590 1818 in
623 1781 798 1820 terram
845 1770 1134 1836 aliquantum
1180 1771 1428 1837 depressus
1466 1775 1600 1835 erat,

181 1850 322 1898 quem
361 1834 524 1881 cellam
557 1835 673 1884 adeo
705 1854 786 1884 seu
826 1852 1012 1884 caveam
1041 1834 1228 1883 dixeris.
1295 1837 1366 1882 Eo
1405 1840 1598 1890 deseen-

178 1901 252 1947 dit
275 1898 582 1946 Telemachus
599 1938 611 1959 ‚
645 1901 771 1967 quod
799 1901 864 1948 ita
898 1900 1062 1947 extulit
1093 1901 1354 1948 Homerus:

309 1999 526 2015 .....
557 1972 576 2012 ὁ
606 1968 642 2015 δ’
662 1973 837 2031 ὑψόροςκν
870 1968 1035 2030 θάλαμον
1065 1970 1304 2027 κατεβήσατο
1327 1973 1465 2034 πατρὸς

1523 2039 1602 2084 Εὖ-

221 2148 259 2194 1)
283 2149 349 2188 od.
372 2151 447 2196 IV,
473 2153 551 2198 760.
588 2150 647 2188 cll.
682 2163 731 2189 vs,
761 2165 855 2199 seqq.
889 2161 925 2188 et
955 2152 1049 2198 XXI,
1072 2153 1105 2192 5.
1222 2153 1261 2199 2)
1287 2154 1413 2196 Δόμος
1441 2156 1531 2191 enim
1555 2166 1592 2194 et

175 2204 347 2246 θάλαμος
375 2218 477 2252 saepe
502 2207 539 2241 iu
565 2206 717 2241 Homero
748 2216 871 2243 notant
900 2208 1104 2253 ὑπερώϊον,
1137 2215 1177 2243 ut
1204 2209 1260 2243 vel
1284 2221 1324 2244 ex
1357 2209 1413 2246 cll.
1443 2211 1508 2248 od.
1533 2212 1594 2258 ΙΙ,

174 2259 254 2305 557.
278 2259 361 2305 XV,
385 2263 472 2306 760,
496 2263 560 2307 787
577 2289 587 2306 ,
611 2264 688 2296 802.
713 2261 812 2308 XXI,
835 2265 870 2298 5.
895 2270 930 2297 et
951 2262 996 2297 Il.
1016 2262 1094 2308 ΙΙΙ,
1117 2265 1184 2298 422
1206 2275 1278 2310 seq.
1301 2266 1424 2311 cuique
1448 2267 1593 2311 patebit.

174 2310 231 2348 Cf.
265 2313 398 2352 Nitsch.
433 2314 475 2349 ad
510 2315 574 2352 Od.
598 2315 616 2350 Ι
632 2344 641 2360 ,
666 2317 745 2352 328.
874 2317 912 2361 5)
936 2316 1002 2351 Od.
1028 2315 1069 2361 1,
1091 2319 1156 2352 550
1178 2330 1251 2364 seq.
1376 2320 1417 2364 4)
1442 2321 1508 2358 Od.
1532 2321 1591 2366 ΙΙ,

173 2367 253 2413 5⁵7·
353 2370 392 2414 5)
415 2369 501 2404 vid.
523 2370 684 2414 omns,
707 2372 774 2406 516
797 2383 890 2417 seqq.
980 2371 1020 2416 6)
1046 2371 1126 2408 vid.
1150 2372 1193 2406 11.
1209 2372 1269 2418 11,
1292 2375 1372 2411 514.
1441 2374 1479 2421 7)
1505 2375 1589 2414 vid.

172 2419 215 2456 Il.
238 2421 339 2467 XVI,
365 2426 439 2460 184.
556 2424 595 2468 8)
622 2423 703 2461 Vid.
727 2424 769 2461 ΙΙ.
789 2424 866 2470 III,
889 2426 957 2471 447
979 2438 1073 2471 seqq.
1119 2425 1160 2460 In
1182 2427 1299 2461 eadem
1327 2428 1462 2462 aedium
1488 2438 1585 2476 parte
1652 2438 1655 2441 “

170 2475 365 2516 θάλαμους
381 2478 552 2522 significat
571 2479 700 2523 Poeta,
725 2491 801 2512 cum
832 2481 870 2512 ἐν
892 2481 995 2524 μυχῷ
1030 2481 1145 2521 δόμου
1169 2482 1350 2516 Alcinoum
1381 2489 1416 2516 et
1438 2484 1586 2520 Atriden

171 2539 250 2562 eum
270 2532 429 2566 uxoribus
448 2533 649 2567 dormivisse
678 2533 766 2567 dicit
798 2534 862 2568 Od.
889 2535 965 2579 ΙΙΙ,
989 2537 1067 2572 402.
1098 2535 1175 2580 IV,
1198 2538 1277 2572 504.
1318 2535 1405 2580 VII,
1428 2538 1507 2573 326.
1540 2539 1588 2577 ll.

171 2582 290 2629 XXII,
313 2587 392 2622 440.
437 2587 490 2622 De
515 2588 649 2633 Ulyssis
674 2588 825 2623 thalamo
840 2617 850 2633 ,
875 2589 984 2633 λεχεϊ
1010 2590 1177 2634 ἀσκητῷ,
1201 2602 1302 2636 quem
1334 2590 1408 2636 ipse
1430 2589 1586 2627 fabrica-

168 2646 268 2673 verat
298 2639 402 2685 ἐλαίῃ
431 2642 669 2687 ἀμφιβαλων,
702 2641 770 2678 vid.
805 2643 869 2679 od.
897 2643 1036 2688 XXIII,
1070 2646 1132 2689 189
1153 2663 1199 2670 —
1221 2656 1300 2679 201·
1326 2651 1362 2678 et
1385 2643 1484 2682 Voss.
1508 2645 1534 2684 l.
1551 2659 1584 2686 e.

165 2689 206 2737 9)
231 2692 295 2730 Od.
318 2692 413 2740 XXI,
436 2696 480 2741 5,
503 2698 525 2731 8
547 2709 619 2743 seq.
642 2697 699 2736 en.
724 2708 770 2736 vs.
791 2700 835 2734 42
861 2709 955 2744 seqq.
980 2697 1074 2744 XXI,
1100 2699 1178 2745 587.
1203 2705 1238 2734 et
1261 2697 1395 2745 xxm,
1418 2699 1477 2739 41.
