1780 3120
635 131 1210 207 HOMERmA.
1509 161 1603 219 ¹99

183 295 236 341 In
260 290 453 340 multam
480 304 618 353 saepe
650 295 834 334 noctem
879 285 1088 333 convivia
1135 282 1475 333 celebrantibus
1512 283 1598 332 he-

181 359 340 406 roibus
364 354 601 419 fulgebant
629 355 748 400 faces
766 388 779 412 ‚
817 353 924 411 δᾷὃες
949 362 966 387 ¹
987 389 999 410 ‚
1035 368 1150 417 quae
1179 353 1230 398 in
1267 349 1447 398 Alcinoi
1473 351 1598 414 regia

184 423 332 470 aureis
375 423 496 468 miro
532 421 727 467 artificio
777 417 1018 465 elaboratis
1073 417 1275 464 lucernis
1301 449 1317 474 ,
1371 419 1596 482 juvenum

182 489 379 537 formam
406 485 714 533 referentibus
733 520 745 541 ,
780 484 968 529 fuerunt
991 483 1262 547 impositae:

316 557 477 615 Χρὺσεσι
504 550 540 598 δ’
566 551 645 613 ἄρα
665 562 780 612 κοῧμι
813 552 1002 611 ἐϋδμήτων
1032 550 1093 595 ἐπὶ
1117 552 1260 609 βωμῶν

299 619 529 674 ''Eo-ram,
562 621 754 677 αἷθεμένας
776 618 903 669 δαΐδας
927 620 1024 676 μετὰ
1050 620 1179 678 χερσῖν
1203 612 1374 676 ἔχοντες,

321 688 515 735 ‹Dalm-,m
543 688 677 734 νύκτας
704 686 801 726 κατὰ
825 684 984 740 δώματα
1016 683 1292 740 δαιτυμόνεσσιν
1315 692 1353 726 2.

178 743 357 794 Domus
380 749 696 812 pavimentum
711 783 722 801 ‚
756 748 910 793 δάπεδα-κ
933 745 979 802 3,
1013 744 1244 809 lapidibus
1265 745 1352 792 fuit
1375 751 1596 804 stratum,

178 811 306 878 quod
329 812 559 858 Homerus
593 810 810 876 epithetis
838 808 979 856 verbo
1009 811 1253 875 appositis,
1281 819 1331 856 ut
1364 819 1474 857 sunt
1505 831 1599 872 apoc*

178 881 347 926 ταίπεδον
383 876 488 931 οὖδας
511 877 535 911 4
561 886 608 924 et
644 880 763 922 >air-m
790 879 889 923 οὐδέν
911 875 960 934 5,
997 877 1284 940 significavit.
1342 876 1596 922 Columnae

179 960 363 1009 quoque
409 959 495 1007 per
536 952 696 1005 με’γαρεν
747 939 993 1005 dispositae
1044 940 1288 988 adstabant
1311 979 1322 996 ,
1358 960 1474 1006 quae
1527 959 1601 987 su-

179 1010 407 1071 periorem
447 1007 632 1054 aedium
655 1007 1047 1069 contignationem
1081 1007 1390 1064 sustinerent,
1426 1015 1476 1052 ut
1503 1006 1601 1071 plu-

177 1073 309 1120 ribus
332 1073 446 1120 locis
482 1075 531 1120 in
573 1073 779 1135 Odyssea
820 1079 1041 1117 testatum
1091 1072 1202 1118 fecit
1245 1072 1388 1119 Poeta
1410 1071 1444 1116 6.
1525 1071 1602 1120 Ad

176 1146 359 1204 patrem
398 1137 598 1202 exempli
631 1137 772 1201 gratia
795 1136 1011 1200 Ulysses:
1541 1198 1557 1218 Ἰ

1559 1209 1599 1248 Ω

224 1304 261 1349 ι)
286 1303 449 1339 Cubitum
471 1303 573 1339 ituris
597 1302 744 1338 feminae
766 1302 900 1338 facibus
921 1303 993 1338 sere
1024 1304 1233 1350 praelucent.
1274 1299 1354 1341 Vid.
1379 1297 1503 1348 od.1‚
1528 1305 1596 1339 423

176 1371 273 1405 seqq.
317 1358 416 1403 XIX,
451 1361 508 1394 48.
563 1358 618 1394 Cf.
651 1358 715 1394 Od.
747 1358 806 1403 II,
842 1360 918 1393 150.
1076 1360 1114 1402 2)
1157 1359 1221 1396 Od.
1256 1359 1324 1393 VII
1345 1387 1356 1403 ,
1389 1371 1452 1394 100
1494 1370 1592 1403 seqq.

177 1413 270 1448 Mira
297 1413 450 1458 profecto
467 1413 554 1447 artis
572 1413 787 1448 documenta.
845 1412 899 1447 Cf.
921 1420 992 1448 not.
1020 1415 1052 1448 6.
1081 1414 1122 1446 ad
1156 1413 1189 1448 h.
1218 1425 1248 1448 c.
1280 1416 1312 1458 ᾗ.
1327 1415 1362 1449 4.
1479 1412 1517 1455 5)
1546 1414 1598 1445 Τὸ

176 1470 244 1501 τοῦ
283 1469 444 1512 μεγάρου
476 1467 613 1505 ἔδαφος
640 1467 783 1510 interpr.
818 1466 977 1500 Eustath.
1002 1465 1046 1499 ad
1077 1466 1142 1498 Od.
1165 1466 1230 1510 XI,
1249 1468 1331 1511 419·
1446 1466 1487 1509 4)
1512 1466 1596 1503 Vid.

172 1522 237 1560 od.
260 1521 395 1566 XXIII,
420 1523 476 1557 46.
523 1521 574 1555 Ex
605 1520 721 1553 Vossii
751 1519 923 1553 sententia
957 1520 1126 1552 δάπεδον
1157 1529 1235 1554 ante
1261 1521 1421 1564 μεγάρου
1462 1520 1593 1555 introi-

178 1585 253 1612 tum
289 1577 369 1613 fuit.
406 1575 521 1610 'Certi
551 1574 634 1620 quid
658 1574 750 1608 haud
781 1573 1025 1608 affirmaverim
1053 1574 1224 1619 equidem.
1355 1576 1394 1618 5)
1422 1575 1502 1611 Vid.
1525 1576 1595 1611 od.

174 1630 287 1675 VIII,
311 1632 366 1666 80.
390 1629 494 1674 XVI,
518 1632 575 1665 41.
599 1628 724 1675 XVII,
748 1630 805 1665 50.
907 1628 946 1672 6)
972 1627 1014 1662 In
1032 1628 1142 1663 Iliade
1168 1638 1333 1674 nusquam
1353 1631 1591 1666 columnarum

175 1687 212 1721 in
230 1685 397 1720 aedificiis
424 1697 506 1718 usus
526 1691 759 1718 memoratur:
783 1681 871 1716 unde
897 1682 937 1718 R.
959 1682 1074 1728 Payne
1105 1683 1237 1727 Knight
1265 1684 1328 1728 Op.
1351 1683 1374 1720 l.
1402 1687 1432 1730 ᾗ.
1452 1684 1594 1722 XLVII.

175 1753 209 1786 p.
231 1753 278 1774 m.
303 1742 347 1774 40
373 1751 468 1784 seq.,
491 1747 592 1784 atque
617 1738 717 1783 ideo,
754 1738 888 1783 inquit,
923 1737 1076 1782 ignotum
1109 1738 1212 1772 fuisse
1248 1738 1374 1772 Poetae
1404 1739 1594 1784 antiquiori

178 1794 262 1841 (hoe
297 1793 434 1829 scilieet
478 1801 679 1837 argumento
720 1793 831 1827 utitur
857 1820 867 1836 ,
904 1800 943 1826 ut
981 1792 1126 1826 Iliadem
1173 1792 1324 1837 Odyssea
1361 1794 1592 1838 antiquiorem

176 1857 212 1884 et
240 1861 260 1882 a
292 1847 526 1893 praecedentis
558 1847 634 1881 aevi
675 1849 776 1891 po'eta
815 1846 988 1880 conditam
1021 1858 1093 1880 esse
1130 1847 1287 1891 evincat,
1319 1859 1423 1893 quam
1454 1859 1593 1881 causam

173 1901 330 1949 pluribus
367 1901 602 1935 defendentem
631 1900 733 1933 adeas
767 1903 798 1946 ς.
819 1900 915 1934 XLII
936 1913 1030 1945 seqq.
1065 1913 1098 1945 p.
1124 1908 1170 1935 m.
1201 1902 1244 1934 58
1275 1902 1397 1947 seqq.)
1433 1902 1596 1947 colligere

175 1956 275 1991 licet:
308 1956 363 1989 vix
392 1956 483 1989 enim
517 1954 553 1987 in
583 1954 715 1987 Priami
751 1954 888 1988 aedium
932 1962 1004 1988 tam
1039 1954 1216 1998 magnifica
1251 1955 1479 2000 descriptione
1519 1957 1593 2004 (ll.

174 2011 247 2052 VI,
272 2007 490 2051 242-50)
525 2020 603 2041 eum
638 2007 811 2050 siluisset,
845 2009 875 2043 si
899 2016 1084 2053 cognosset·
1146 2009 1197 2044 Cf.
1228 2009 1279 2045 ld.
1315 2022 1390 2055 pag.
1424 2014 1465 2046 Go
1496 2024 1590 2058 seqq,

175 2065 306 2099 Eodem
319 2071 519 2108 argumento
542 2062 653 2097 utitur
667 2062 849 2099 Thiersch.
864 2092 872 2107 ,
892 2070 931 2097 ut
955 2063 1107 2098 Achaeos
1123 2063 1280 2106 Troianis
1305 2065 1467 2100 cultiores
1489 2067 1594 2100 fuisse

175 2120 310 2165 probet.
355 2118 436 2154 vid.
460 2118 544 2161 Ejus
566 2117 641 2152 diss.
662 2141 672 2158 ‚
705 2118 790 2152 uber
811 2118 958 2152 Homers
983 2118 1241 2163 Europiiischen
1263 2119 1450 2165 Ursprung.
1473 2121 1508 2154 in
1528 2121 1592 2167 Op.

175 2174 270 2210 Phil.
299 2173 423 2207 Jahrb.
460 2173 520 2206 der
551 2171 642 2208 Phil.
674 2172 741 2206 und
763 2171 910 2216 Paedag.
946 2171 1044 2206 Tom.
1074 2172 1105 2209 Ι.
1137 2173 1178 2209 Ρ.
1200 2187 1233 2209 2.
1267 2185 1300 2219 p.
1322 2176 1402 2209 463.
1437 2187 1466 2211 a,
1494 2177 1598 2211 1826.

178 2244 195 2264 n
215 2229 340 2275 Atqui,
370 2227 485 2273 inquit
516 2228 705 2262 Hermann.
729 2227 763 2260 in
796 2226 906 2271 praef.
933 2226 976 2260 ad
1007 2227 1091 2263 edit.
1122 2227 1265 2262 Homeri
1295 2240 1348 2274 ap.
1386 2229 1590 2266 Tauchnitzr

178 2285 278 2320 1826.
303 2295 336 2328 p.
358 2296 412 2330 7.,
436 2283 533 2329 atqui
564 2293 632 2315 non
660 2294 731 2316 esse
751 2289 860 2315 totam
890 2280 1036 2316 Iliadem
1058 2290 1119 2317 aut
1139 2283 1326 2328 Odysseam
1347 2284 1447 2318 unius
1473 2288 1592 2329 poetae·

177 2347 290 2382 opus,
322 2336 372 2372 ita
404 2345 499 2372 extra
536 2347 671 2370 omnem
706 2335 958 2369 dubitationem
981 2336 1133 2381 positum
1167 2345 1250 2382 puto
1271 2366 1281 2382 ‚
1314 2345 1378 2383 ut,
1412 2339 1471 2384 qui
1496 2350 1592 2373 secus

175 2391 326 2434 sentiat,
359 2404 436 2425 eum
469 2404 537 2426 non
574 2392 659 2426 satis
689 2389 862 2425 lectitasse
894 2389 956 2424 illa
996 2391 1149 2425 carmina
1180 2392 1395 2429 contendam.
1417 2395 1442 2412 ''
1493 2392 1592 2435 Quod

175 2453 218 2480 ut
248 2444 347 2479 nobis
379 2457 474 2480 secus
510 2447 666 2489 videtur,
702 2446 750 2479 ita
783 2452 818 2479 et
841 2444 939 2490 aliis,
974 2445 1034 2490 qui
1067 2445 1256 2480 Homerum
1290 2459 1325 2481 se
1353 2447 1526 2481 lectitasse
1558 2452 1595 2481 et

176 2500 391 2546 percepisse,
415 2501 444 2534 si
475 2514 537 2546 per
561 2500 764 2535 modestiam
794 2498 938 2544 liceret,
974 2508 1053 2534 vere
1088 2502 1290 2536 contendere
1318 2509 1467 2546 possent.
1517 2500 1589 2543 Qui

178 2554 220 2588 de
243 2555 376 2588 diversa
408 2555 530 2590 Iliadis
552 2563 588 2589 et
621 2555 792 2599 Odysseae
830 2561 943 2589 aetate
978 2555 1150 2588 variorum
1187 2555 1374 2590 sententias
1406 2566 1593 2599 cognosce-

175 2620 215 2643 re
243 2608 377 2654 cupiat,
402 2610 504 2643 adeat
526 2610 589 2645 Dr.
624 2609 729 2642 Bern.
769 2608 967 2643 Thierschii
999 2608 1039 2643 de
1070 2621 1110 2643 eo
1145 2617 1344 2653 argumento
1377 2608 1593 2654 disputatio-

176 2674 278 2706 nem,
301 2663 338 2697 in
364 2674 430 2708 qua
451 2674 535 2708 quae
557 2674 575 2697 a
605 2663 736 2697 criticis
764 2663 869 2696 variis
901 2663 942 2696 de
969 2664 1120 2710 Odyssea
1147 2666 1273 2708 passim
1309 2660 1484 2708 disputata
1516 2668 1597 2700 sune

178 2728 246 2753 uno
267 2719 303 2754 in
319 2726 497 2764 conspectu
519 2714 634 2765 posita
652 2717 873 2765 diligentius,
898 2724 998 2763 q'uam
1020 2719 1055 2754 in
1079 2718 1198 2754 libello
1226 2717 1269 2752 de
1289 2717 1400 2753 forma
1424 2718 1596 2765 Odysseae

1131 2771 1161 2806 Β
1184 2773 1208 2809 4
1523 2774 1600 2819 pri-³
