1780 3120
587 133 1158 202 HOMERICA.
1488 168 1578 218 109

165 289 347 339 ratione
368 284 553 341 habita,
587 300 660 331 res
701 282 762 330 sit
798 297 988 328 necesse
1013 288 1084 327 est
1119 291 1153 325 ¹.
1219 283 1323 341 Qua
1356 283 1413 331 de
1447 303 1581 331 causa

167 355 391 403 Antinous
436 366 635 416 prOCOS,
687 357 739 394 ut
781 346 986 412 legitime
1028 343 1302 411 Penelopen
1344 349 1586 411 ambeant‚

168 420 412 470 hortatur:

298 513 660 531 ........
700 484 744 525 ἐκ
767 486 938 543 μεγάροιο
967 480 1124 535 ἕκαστος

299 552 499 603 Μνάσθω,
535 546 683 592 ἐέδνοισι
717 546 903 606 διζήμενος
926 556 963 592 2.

234 613 278 678 ξ.
317 615 362 660 5.
433 613 482 659 Si
514 610 698 676 quando
734 611 889 656 uxoris
926 608 1153 656 adulterio
1190 611 1460 676 conjugium
1500 613 1593 661 dis-

169 676 448 727 solvendum
484 684 627 734 esset,
662 675 896 722 adulterae
933 684 1068 739 pater
1094 685 1284 741 accepta
1306 681 1398 726 ’ἑδυα
1441 683 1594 728 omnia

171 761 342 810 genero
374 741 570 790 reddere
602 740 863 789 tenebatur.
929 742 1002 787 Ita
1035 741 1355 807 Hephaestus‚
1390 748 1597 810 conjugis

172 826 280 859 suae
311 825 420 856 cum
449 809 589 854 Arete
625 805 852 854 adulterio
882 804 1096 868 detect0‚
1134 824 1218 857 vos
1237 842 1253 868 ,
1288 808 1477 876 inquit,
1512 811 1597 859 do-

173 873 248 922 lus
282 883 330 922 et
362 871 545 920 vincula
572 871 829 930 tenebunt,

311 940 455 989 Εἰσόκε
477 959 537 988 mc
555 942 664 1000 μάλα
691 946 816 987 πάντα
839 945 968 1003 πατὴρ
999 941 1182 989 ἀποδώσει
1206 943 1313 990 ’ἔεδνα
1327 980 1340 1000 ,

291 1006 437 1051 ’Ὀσσα
462 1011 493 1051 οἱ
520 1005 723 1067 ἐγγυάλιξα
739 1041 752 1062 ,
785 1010 981 1059 κυνώπιὸος
1009 1012 1130 1053 εἵνεκα
1158 1013 1311 1071 κούρης·

314 1073 466 1116 Οὕνεκα
488 1077 518 1115 οἱ
537 1072 634 1122 καλὴ
668 1074 859 1133 θυγάτηρ,
898 1076 998 1134 ἀτὰρ
1026 1074 1091 1118 οὐκ
1121 1077 1298 1135 έχέθυμες
1320 1073 1359 1122 3.

170 1133 274 1189 Ubi
303 1150 414 1182 vero
439 1132 608 1181 nolens
636 1133 791 1181 volens
816 1151 932 1182 uxor
960 1152 1042 1184 seu
1073 1138 1215 1184 vidua
1232 1175 1245 1196 ,
1279 1140 1328 1185 in
1356 1147 1597 1205 paternam

174 1199 376 1247 domum
395 1200 564 1247 reverti
586 1208 745 1246 coacta
763 1236 776 1257 ‚
809 1202 919 1262 δῶμα
933 1203 1107 1264 κουρίδιον
1128 1203 1152 1238 4
1185 1202 1469 1269 reliquisset,
1505 1224 1598 1254 ma-

174 1267 254 1314 riti
288 1266 542 1331 propinqui
577 1273 624 1311 et
665 1266 1000 1330 consanguinei
1054 1268 1176 1332 patri
1220 1269 1450 1328 mulieris,
1487 1289 1600 1333 qua-

175 1349 283 1382 cum
322 1330 578 1383 divortium
608 1330 781 1377 factum
822 1341 948 1389 erat,
987 1333 1144 1381 omnia
1183 1335 1424 1384 restituere
1454 1337 1599 1384 debe-

172 1396 312 1455 bant,
345 1414 461 1462 quae
496 1396 616 1444 dotis
653 1395 753 1442 loco
788 1415 813 1444 a
850 1405 982 1461 patre
1020 1397 1114 1445 filia
1155 1402 1321 1446 marito
1357 1402 1599 1449 attulisset.

174 1462 314 1524 Quod
338 1461 612 1510 Telemachi
642 1462 767 1509 dicta
792 1471 1046 1519 testantur,
1082 1465 1163 1528 qui
1197 1467 1390 1525 ceteris,
1427 1486 1543 1534 quae
1572 1486 1598 1514 a
1632 1495 1634 1503 ι

176 1531 338 1582 matris
372 1528 660 1592 ablegatione
695 1526 783 1574 sibi
813 1528 1010 1588 metuit,
1046 1529 1359 1579 incommodis
1388 1533 1478 1581 hoc
1522 1533 1598 1583 vel

177 1595 435 1641 maximum
470 1602 777 1641 annumerat:

657 1694 668 1704 .
706 1662 819 1704 κακὸν
846 1660 888 1705 δέ
912 1679 962 1721 με
991 1662 1095 1707 πόλλ’
1123 1668 1305 1710 ἀποτίνειν

301 1724 476 1788 ’,ἱκαριίρ,
512 1725 589 1771 a't'n'
611 1728 718 1779 αὐτὲς
741 1729 835 1772 ἑκὼν
860 1729 934 1772 ἀπὸ
957 1736 1105 1790 μητέρα
1134 1733 1271 1792 πέμψω
1293 1729 1331 1776 5.

224 1867 262 1911 ι)
288 1867 434 1910 Quoties
457 1867 563 1912 igitur
581 1874 766 1901 occurrunt
787 1864 879 1906 ἕδνα
900 1869 1074 1907 διδόντες
1094 1877 1128 1904 et
1141 1870 1272 1905 similia
1291 1869 1332 1905 de
1351 1867 1470 1911 ἕδνοις
1488 1875 1604 1921 expli-

178 1922 288 1958 canda
309 1929 390 1956 sunt
412 1922 528 1968 patri,
554 1929 592 1955 ut
613 1921 720 1955 filiam
742 1921 878 1967 tradat,
903 1923 1085 1958 donandis.
1120 1925 1193 1963 vid.
1217 1925 1282 1959 Od.
1299 1926 1370 1971 XI,
1390 1929 1467 1964 116.
1491 1929 1577 1963 XIII
1591 1957 1603 1975 ,

180 1979 259 2022 578,
287 1975 332 2013 al,
402 1977 440 2020 2)
465 1977 530 2012 0d.
551 1975 651 2020 XVI,
675 1978 740 2021 590
764 1987 836 2021 seq.
918 1977 957 2020 3)
982 1977 1048 2013 Od.
1071 1978 1181 2025 VIII,
1206 1982 1272 2015 518
1294 1993 1390 2026 seqq.
1466 1982 1506 2027 4)
1520 1983 1602 2022 Vid.

178 2031 246 2068 0d.
269 2031 338 2075 IX,
362 2032 441 2066 580.
473 2030 568 2074 XXI,
594 2031 650 2076 78.
699 2032 750 2064 An
771 2029 893 2065 beiden
913 2031 1044 2066 Stellen
1061 2060 1071 2078 ‚
1107 2033 1221 2078 inquit
1255 2034 1457 2073 Buttmann.
1488 2037 1601 2073 Lexil.

178 2086 275 2122 Part.
299 2085 327 2120 Ι.
355 2097 387 2131 p.
412 2097 459 2120 m.
483 2086 564 2124 540
600 2085 646 2119 ist
670 2084 826 2119 offenbar
847 2085 907 2120 der
929 2087 1019 2122 einst
1050 2087 1275 2134 rechtm'zissig
1308 2091 1500 2135 geehliehte
1533 2093 1603 2129 und

178 2139 327 2186 geliebte
357 2139 484 2184 Gatte,
507 2139 568 2173 das
591 2139 746 2174 eheliche
779 2140 875 2179 IIaus
907 2142 971 2176 mit
1002 2141 1134 2178 Gesiihl
1162 2151 1325 2188 entgegen
1354 2154 1481 2190 gesetst
1509 2148 1605 2182 einer

181 2195 321 2241 aweiten
343 2192 438 2238 Ehe,
462 2193 517 2227 die
539 2194 753 2236 geschlossen
770 2195 852 2229 wird
873 2195 1030 2230 wahrend
1049 2196 1110 2232 der
1125 2206 1213 2233 erste
1238 2199 1406 2245 Ehegatte
1428 2201 1607 2237 vielleieht

183 2249 273 2283 noch
299 2248 384 2285 lebt.
431 2247 486 2283 Cl-
508 2248 573 2282 Od·
598 2248 725 2291 xxm,
753 2251 817 2284 150
838 2261 908 2295 seq.
954 2249 1008 2284 De
1038 2263 1069 2284 v.
1098 2254 1283 2298 κουρίδιος
1307 2256 1466 2290 consulas
1492 2255 1605 2293 Eund.

183 2302 281 2391 gart.
302 2302 339 2390 ἒ.
378 2316 409 2350 p.
432 2303 477 2339 52
505 2315 600 2349 seqq.
704 2303 743 2349 5)
768 2303 834 2340 Uda
862 2303 924 2350 11,
950 2307 1014 2341 132
1037 2317 1110 2353 seq.
1140 2307 1184 2342 ad
1213 2320 1248 2355 q·
1277 2308 1301 2345 l.
1335 2317 1372 2346 et
1402 2322 1451 2350 vs.
1467 2312 1523 2349 52.
1558 2311 1606 2349 cf.

219 2363 299 2392 ntzsc
330 2378 339 2390 .

1411 2760 1622 2810 CAPUT
