1729 3112
493 105 1158 154 PROOEMIUM.
1475 125 1520 155 rx

111 232 310 286 Homeri
331 235 500 297 lectio,
548 253 602 283 eo
634 234 898 299 diligentius
927 235 1158 293 instituta,
1193 251 1284 300 quo
1323 237 1521 286 minores

108 320 209 381 jam
253 324 382 364 erant
423 313 743 372 difficultates,
791 313 1065 381 quibuscum
1115 313 1165 360 in
1212 314 1354 361 Poeta
1382 316 1524 365 inter·

107 394 341 460 pretabdo
369 393 640 442 luctandum
668 401 780 441 erat.

111 494 117 519 ς
180 474 237 520 In
275 489 328 520 ea
372 482 526 519 autem
562 472 895 536 adscriptamm
934 487 1090 517 rerum
1135 469 1362 533 farragine
1401 489 1518 519 none

113 567 354 616 nunquam
401 550 571 609 fiebat,
604 560 656 598 ut
695 550 773 598 vix
818 559 896 596 aut
943 565 1003 595 ne
1043 548 1120 596 vix
1157 546 1373 612 quidem,
1406 566 1524 614 quae

116 627 317 688 vellem,
351 627 521 676 exinde
558 629 832 694 depromere
863 643 1065 692 possem.
1136 625 1279 686 Quod
1312 643 1420 673 cum
1451 628 1523 675 in-

113 705 360 771 dignabar,
407 709 624 755 adnotata
672 705 827 753 denuo
865 704 1099 771 explorata
1127 704 1182 751 in
1208 702 1422 751 ordinem
1450 723 1524 752 re·

112 784 271 849 digere
314 795 361 833 et
401 784 662 833 describere
699 784 948 842 constitui,
990 792 1041 831 ut
1087 782 1142 828 iis
1185 782 1246 829 ad
1278 783 1526 832 Feithiili-

112 862 254 910 brum
301 865 353 912 in
397 864 594 912 Homeri
625 862 936 911 studiosorum
983 859 1226 908 commoda
1258 861 1525 926 augendum

110 949 160 988 et
189 941 532 989 emendandum
570 940 815 1007 aliquando
858 948 1032 991 uterer.
1101 941 1280 987 Eadem
1317 942 1441 988 enim
1470 941 1525 989 il-

109 1017 198 1078 lis,
230 1037 347 1086 quae
376 1020 518 1079 mihi,
551 1020 609 1066 ad
645 1028 820 1067 rectam
859 1019 1032 1065 Poetae
1065 1020 1324 1066 carminum
1356 1018 1526 1069 intelli·

107 1099 312 1161 gentiam
351 1108 399 1146 et
438 1099 651 1146 defutura
690 1107 736 1144 et
779 1097 1021 1162 profutura
1062 1114 1163 1144 esse
1206 1096 1521 1147 videbantur:

105 1191 197 1223 nec
242 1192 346 1223 eam
394 1176 614 1224 omnibus
658 1176 926 1223 felicitatem
974 1174 1192 1238 obtigisse
1237 1173 1521 1236 arbitrabar,

99 1264 160 1302 nt
183 1261 390 1302 veterum
418 1255 820 1321 recentiorumque
849 1253 1157 1320 interpretum
1175 1270 1315 1318 opera
1343 1254 1393 1302 in
1421 1273 1523 1304 rem

104 1348 237 1380 suam
274 1348 496 1396 usurpare
539 1333 709 1379 liceret.
777 1334 928 1391 Quam
973 1330 1168 1397 quidem
1202 1335 1522 1397 opportunita-

106 1408 560 1471 tem-humanissime
607 1409 725 1456 mihi
757 1408 1024 1455 obtulerunt
1055 1409 1100 1455 J.
1133 1408 1344 1470 Geelius,
1376 1429 1521 1478 quem

101 1485 207 1535 Vir.
230 1487 300 1538 Cl.
328 1487 541 1553 plurimis
570 1505 594 1536 a
618 1505 692 1535 me
723 1486 938 1535 laudibus
967 1485 1328 1554 praedicandum
1356 1490 1405 1537 in
1432 1491 1522 1542 hoc

104 1581 247 1632 opere
272 1564 545 1614 adornando
573 1565 832 1631 adjutorem
853 1575 1012 1613 nactus
1038 1583 1142 1613 sum
1163 1584 1310 1614 unum
1333 1566 1383 1616 in
1409 1588 1524 1636 pau-

104 1646 171 1692 cis
198 1646 461 1709 egregium,
497 1653 544 1691 et
577 1662 686 1693 vero
714 1645 854 1694 Doct.
887 1646 933 1693 J.
968 1646 1026 1694 T.
1054 1646 1409 1710 Bergmannus,
1444 1649 1521 1697 cui

104 1723 263 1770 multis
303 1722 640 1771 benivolentiae
681 1726 954 1771 testimoniis
999 1740 1074 1771 me
1108 1723 1383 1773 obstrictum
1414 1745 1518 1790 gra-

101 1809 179 1849 tus
199 1803 436 1866 profiteor.
504 1800 643 1862 Quod
670 1802 808 1866 igitur
826 1820 1039 1867 ceperam
1067 1802 1315 1850 consilium
1332 1841 1344 1861 ‚
1363 1805 1516 1866 Patri,

100 1896 241 1944 quem
273 1879 411 1926 unice
439 1895 569 1936 am0,
605 1879 798 1944 aliisque
819 1880 943 1927 Viris
974 1881 1135 1938 Doct.‚
1171 1880 1426 1945 plurimum
1454 1883 1516 1932 de

97 1972 176 2004 me
210 1957 416 2016 meritis,
449 1959 815 2017 communicavi,
849 1959 958 2024 qui,
991 1965 1044 2005 ut
1077 1957 1128 2005 in
1161 1958 1324 2006 eadem
1355 1971 1515 2011 mente

96 2043 405 2101 susceptoque
437 2033 594 2082 labore
624 2053 973 2101 permanerem,
1008 2053 1101 2083 uno
1129 2038 1256 2103 quasi
1289 2056 1367 2086 ore
1397 2043 1516 2089 ami-

80 2131 153 2179 'ce
185 2130 261 2161 me
303 2112 530 2160 adhortati
565 2123 691 2164 sunt.
759 2114 1033 2162 Laudabant
1079 2117 1205 2163 enim
1246 2117 1285 2164 F
1290 2119 1421 2168 eilhii
1456 2122 1515 2171 li-

93 2192 265 2254 brum,
298 2190 357 2238 ad
390 2191 584 2239 Homeri
621 2193 825 2239 carmina
869 2209 975 2238 cum
1020 2193 1230 2242 utilitatis
1268 2196 1421 2246 fructu
1449 2200 1513 2248 le-

98 2270 248 2336 genda
287 2270 604 2335 aptissimum,
637 2288 730 2336 quo
761 2270 965 2329 scilicet,
1000 2278 1051 2317 ut
1091 2271 1155 2319 ait
1186 2275 1441 2325 Gronovius
1466 2289 1515 2340 ¹,

95 2368 126 2397 x>
163 2349 406 2397 materiam
438 2349 680 2399 illustravit
720 2351 921 2409 Auctor,
954 2366 1095 2398 unam
1127 2353 1333 2417 profecto
1364 2355 1423 2403 ab
1441 2373 1515 2403 so·

1361 2454 1387 2479 ι)
1425 2434 1512 2484 ler-

154 2574 195 2625 1)
222 2573 267 2613 In
290 2575 416 2627 praef.
448 2571 567 2615 Thes.
597 2574 725 2625 Antiq.
749 2573 887 2614 Graec.
916 2573 1085 2619 vohvl.
1116 2590 1153 2629 p.
1178 2576 1234 2617 15.
