1750 3116
233 331 1384 415 ANTIQUITATIS

158 533 234 607 H
331 530 402 606 O
501 531 588 607 Μ
676 531 737 603 Ε
831 529 903 603 R
983 527 1018 603 I
1106 530 1167 605 C
1262 529 1334 604 A
1419 532 1480 605 E

358 714 718 772 LIBER
809 713 1281 770 PRIMUS.

390 1104 730 1152 CAPUT
804 1104 1232 1158 PRIMUM.

337 1261 405 1292 DE
439 1261 564 1292 D11s
608 1260 887 1292 VETERUM
932 1260 1301 1295 GRAECORUM.

168 1426 207 1491 ξ.
248 1447 289 1476 1.
365 1403 654 1476 Priscorum
686 1428 971 1477 Graecorum
1012 1447 1165 1477 mores
1205 1438 1252 1478 et
1292 1428 1523 1488 instituta,

104 1509 212 1539 cum
247 1492 431 1559 publica
457 1503 557 1540 tum
585 1494 789 1557 privata,
825 1513 952 1542 sacra
975 1494 1174 1553 scilicet,
1209 1494 1366 1543 civilia
1388 1532 1398 1550 ‚
1435 1495 1524 1541 mi-

103 1558 254 1605 litaria
292 1567 338 1605 et
370 1559 621 1607 domestica
655 1560 862 1606 Homero
899 1560 1014 1607 duce
1055 1559 1364 1625 descripturi,
1398 1577 1422 1605 a
1463 1578 1529 1607 sa-

107 1624 201 1671 cris
235 1623 450 1671 ordinem
486 1623 742 1682 ducemus,
776 1635 940 1672 natura
985 1627 1150 1691 cuique
1189 1634 1440 1692 praeeunte
1471 1642 1524 1672 ac

105 1688 338 1747 djctante‚
364 1689 627 1754 principem
658 1690 869 1737 omnium
893 1708 989 1738 esse
1022 1692 1176 1737 Deum
1197 1729 1208 1749 ‚
1241 1701 1286 1737 et
1313 1707 1421 1756 prae
1448 1707 1528 1736 ce-

103 1755 216 1803 teris
235 1754 594 1820 respiciendum.
649 1756 787 1815 Quod
816 1773 871 1802 eo
898 1758 1045 1821 magis
1072 1758 1133 1803 ita
1153 1775 1310 1804 sumus
1335 1756 1532 1813 facturi,

107 1821 212 1885 quia
232 1821 373 1884 prisci
388 1820 453 1866 illi
481 1820 646 1866 Graeci
677 1821 886 1884 religiosa
911 1823 1115 1868 numinis
1136 1822 1428 1868 veneratione
1456 1821 1531 1866 ni·-

107 1885 178 1932 hil
206 1885 333 1950 prius
367 1885 652 1949 antiquiusve
692 1886 971 1932 habuerunt.
1039 1888 1135 1950 Ipsi
1184 1889 1310 1933 enim
1344 1905 1368 1932 a
1403 1886 1529 1932 Deo—

107 1968 214 1997 rum
243 1949 478 1997 voluntate
521 1951 674 1995 onmia
715 1949 950 2014 pendere,
1002 1960 1048 1998 et
1095 1968 1399 2016 quaecunque
1426 1952 1524 1999 sive

109 2031 335 2080 prospera
374 2015 467 2060 sive
521 2012 713 2061 adversa
763 2027 977 2078 agerent,
1026 2017 1276 2064 numinum
1318 2016 1391 2064 vel
1438 2017 1528 2063 ini-

109 2082 284 2147 quitate
312 2079 384 2126 vel
402 2079 714 2127 benivolentia
731 2081 939 2128 accidere
968 2091 1203 2147 putarunt.
1254 2081 1392 2143 Quod
1416 2100 1526 2128 cum

109 2146 199 2195 sihi
231 2160 498 2210 persuasum
537 2144 786 2201 haberent,
822 2146 934 2211 quid
962 2149 1153 2206 mirum,
1188 2149 1226 2195 si
1259 2167 1284 2195 a
1317 2148 1527 2194 Deorum

109 2211 279 2259 auxilio
320 2209 613 2274 implorando
652 2211 806 2258 omnia
852 2213 1070 2276 auspicati
1109 2223 1234 2261 sunt.
1300 2212 1456 2278 ltaque
1499 2232 1526 2259 a

110 2278 318 2325 Deorum
365 2275 495 2322 cultu
543 2275 819 2323 Homericae
869 2279 1152 2344 antiquitatis
1192 2279 1378 2326 initium
1423 2282 1526 2345 jure

113 2341 248 2390 nobis
274 2341 425 2387 facere
451 2339 675 2388 videmur.

144 2425 146 2427 ’
177 2407 218 2470 ξ.
252 2423 296 2453 2.
363 2406 532 2453 Primis
556 2406 843 2472 temporibus
864 2447 875 2468 ,
911 2417 1028 2456 teste
1068 2408 1306 2457 Herodoto
1332 2419 1376 2465 ¹,
1421 2424 1527 2471 pro·

1417 2490 1527 2518 nus-

160 2608 203 2655 1)
225 2608 316 2647 Hist.
347 2609 389 2650 L.
406 2610 452 2650 11.
477 2625 506 2647 c.
530 2614 594 2658 52,
612 2614 668 2649 55.
716 2613 768 2648 De
802 2613 923 2658 primis
953 2615 1163 2650 Graecorum
1184 2612 1389 2657 Theologiae
1416 2612 1525 2657 origi—

1070 2673 1110 2716 Α
1470 2667 1528 2700 ni-
