1750 3116
462 148 690 184 OPERIS
738 138 1172 177 CONSPECTUS.
1411 147 1541 171 xxxv„

254 262 287 304 ς,
310 271 344 302 4.
389 257 527 290 saltatio
541 264 648 289 autem
674 254 735 285 fuit
749 247 942 284 exercitatio
956 246 1115 286 quaedam
1126 244 1244 277 bellica
1258 268 1268 285 ‚
1297 256 1358 286 qua
1377 257 1451 280 cor.

214 317 302 358 poris
323 313 500 357 agilitatem
516 309 699 345 exercendo
719 315 887 347 augerent.
975 325 986 336 .
1118 323 1130 335 .
1260 321 1272 333 .
1358 313 1433 344 pag.
1459 306 1542 346 956,

138 365 244 414 Caput
265 372 330 404 VI.
373 370 424 402 De
446 366 542 403 variis
561 366 709 398 ludorum
732 361 916 404 generibus.

253 427 290 471 §.
318 436 349 459 1.
392 424 488 456 Haud
516 431 579 454 una
603 418 845 461 opportunitate
869 417 1047 457 antiquitus
1069 414 1138 447 ludi
1166 414 1357 447 edebantur.
1406 432 1415 442 .
1463 421 1537 452 πῖ.

260 481 294 523 §-
317 490 351 514 2.
396 481 448 512 De
469 478 566 512 saltu.
695 499 706 508 .
835 495 846 505 .
978 494 989 504 .
1120 491 1131 503 .
1262 489 1272 500 .
1408 490 1419 500 .
1463 471 1539 507 258.

257 538 288 578 S.
312 545 345 576 3.
385 535 437 567 De
460 543 575 574 cursu,
603 533 736 579 νύσσῃ,
762 530 914 575 τέρμασι
936 529 1085 569 aliisque.
1132 550 1144 561 .
1465 525 1540 564 258.

258 592 291 633 s.
315 602 349 631 4.
393 591 444 622 De
477 591 654 622 certamine
693 586 822 624 curuli,
859 583 929 621 eius
970 582 1161 617 instituendi
1198 590 1292 622 arte,
1325 590 1358 614 et
1395 583 1459 621 iis,

219 656 304 688 quae
324 655 444 680 metam
471 653 505 679 et
521 653 668 678 carceres
686 643 800 676 dicunt
821 640 957 673 Latini:
982 639 1122 681 denique
1149 640 1190 672 de
1207 646 1292 669 voce
1315 635 1465 679 κελητί-

216 707 310 748 ζειν.
423 727 434 737 .
566 723 578 733 .
708 720 719 730 .
848 718 857 728 .
992 717 1002 728 .
1133 716 1144 728 .
1275 715 1285 726 .
1413 716 1424 727 .
1468 702 1545 735 259-

260 761 292 801 8.
318 772 351 804 5.
397 762 449 793 De
469 759 578 797 jactu,
603 755 715 798 δίσκῳ
737 761 770 786 et
793 753 897 796 σόλῳ.
986 774 997 786 .
1128 771 1143 784 .
1272 770 1283 783 .
1411 770 1423 782 .
1467 750 1545 788 263.
1592 752 1601 757 “

265 818 300 859 ς.
321 818 357 850 6.
401 817 454 848 De
476 815 575 845 lucta.
710 831 720 842 .
852 829 862 840 .
993 831 1002 843 .
1133 830 1144 841 .
1272 827 1284 838 .
1413 826 1424 836 .
1469 803 1546 842 264.

266 875 298 915 s.
320 882 354 914 7.
398 872 451 903 De
474 867 632 910 pugilatu·
714 885 728 899 ο
855 886 866 898 ο
994 881 1006 899 ὸ
1133 883 1146 898 ι
1276 885 1287 894 0
1413 883 1426 894 ι
1472 859 1548 899 264.

258 927 292 968 §-
316 929 349 961 8.
395 918 447 959 De
476 925 698 967 μονομαχίᾳ·
850 941 860 951 ·
992 935 1003 953 ι
1131 942 1146 954 .
1275 941 1286 951 .
1414 940 1426 952 .
1471 918 1549 958 265.

261 983 293 1023 §-
316 993 353 1025 9.
396 984 444 1014 De
474 979 648 1021 sagittandi
674 976 866 1010 certamine.
983 995 994 1005 .
1122 996 1133 1007 .
1269 993 1280 1006 .
1412 994 1423 1006 .
1468 973 1547 1006 266.

263 1038 296 1078 §.
323 1046 374 1069 ιο.
418 1037 471 1068 De
490 1033 652 1073 jaculandi
677 1040 759 1064 arte.
836 1055 846 1064 .
984 1054 994 1064 .
1129 1053 1140 1063 .
1270 1052 1280 1063 .
1417 1053 1426 1063 .
1473 1029 1551 1068 266.

259 1097 291 1134 §-
319 1103 370 1127 11.
417 1093 612 1134 Quaeritur,
648 1098 754 1122 utrum
779 1086 857 1119 nudi
882 1096 921 1119 an
951 1086 1051 1120 cincti
1076 1086 1107 1118 in
1136 1086 1220 1118 ludis
1249 1095 1346 1125 supra
1370 1087 1467 1119 dictis

222 1157 403 1184 certarent.
562 1168 573 1178 .
701 1167 711 1177 .
846 1164 856 1174 .
984 1161 998 1173 .
1136 1161 1146 1172 .
1276 1164 1288 1174 .
1415 1164 1427 1176 .
1473 1142 1548 1184 267.

267 1209 298 1251 §-
327 1212 380 1241 12.
424 1207 476 1238 De
501 1200 658 1239 ludicris,
682 1207 764 1240 quae
780 1199 933 1232 dicuntur
951 1197 1186 1243 ἀστραγάλων
1216 1205 1248 1230 ct
1273 1199 1431 1237 πεττῶν,
1473 1203 1548 1244 267.

139 1264 249 1304 Caput
272 1263 355 1295 VII.
399 1262 452 1294 De
477 1258 586 1301 galea,
611 1255 764 1293 thorace,
787 1260 882 1285 scuto
904 1262 938 1287 et
959 1256 1080 1290 ocreis,⁴

265 1319 298 1360 §.
326 1328 356 1351 1.
400 1318 454 1350 De
484 1315 592 1357 galeae
619 1310 753 1343 materia
767 1334 780 1351 ,
802 1310 999 1344 conficiendi
1013 1311 1139 1345 ratione
1153 1336 1165 1352 ,
1181 1310 1354 1356 partibus,
1372 1325 1468 1348 orna-

221 1373 342 1408 mentis
360 1380 394 1406 et
416 1368 590 1413 generibus
611 1365 723 1397 variis.
854 1387 865 1397 .
994 1387 1004 1399 .
1134 1389 1145 1400 .
1276 1395 1286 1405 .
1420 1394 1431 1406 .
1477 1373 1553 1407 268,-

267 1427 300 1468 §0
319 1437 352 1460 2.
399 1418 452 1457 De
483 1421 627 1456 thoracis
658 1420 818 1460 materia,
850 1421 953 1454 forma
969 1446 982 1463 ,
1017 1425 1182 1466 partibus,
1206 1435 1265 1459 usu
1289 1435 1322 1460 et
1352 1437 1470 1469 genere

224 1485 311 1536 haud
333 1490 464 1533 semper
486 1479 618 1512 eodem.
705 1498 717 1510 .
849 1498 859 1509 .
990 1500 1003 1512 .
1139 1504 1152 1516 .
1282 1505 1292 1514 .
1421 1507 1433 1518 .
1478 1495 1553 1528 27ῑ.

265 1541 298 1582 §.
322 1551 356 1581 3.
400 1539 453 1570 De
483 1534 649 1578 ζώματι,
673 1532 849 1575 ζωστῆρι,
871 1531 1011 1577 phetae:
1043 1537 1085 1571 de
1112 1548 1232 1578 causa,
1282 1549 1345 1580 qua
1373 1540 1470 1582 Lycii

225 1596 375 1628 dicantur
397 1593 694 1640 ἀμιτροχίτωνες.
849 1612 860 1623 .
992 1615 1004 1626 .
1137 1617 1148 1628 .
1279 1618 1289 1628 .
1424 1620 1436 1631 .
1480 1608 1556 1640 274.

266 1651 299 1692 S.
321 1662 357 1692 4.
398 1649 451 1682 De
480 1657 648 1681 ocrearum
679 1646 837 1687 materia,
867 1656 928 1680 usu
959 1659 1081 1691 easque
1112 1652 1252 1693 pedibus
1277 1654 1472 1686 adnectendi

224 1708 366 1755 ratione.
425 1725 437 1737 -
568 1725 580 1736 .
708 1725 720 1737 .
853 1720 864 1736 ο
995 1722 1007 1739 0
1137 1729 1149 1741 .
1282 1726 1293 1739 .
1423 1731 1434 1741 .
1481 1708 1556 1750 276.

268 1762 302 1802 §.
326 1765 360 1804 5.
407 1761 457 1793 De
484 1759 593 1800 clypei
616 1760 1031 1802 magnitudine‚materia‚
1047 1761 1170 1802 forma,
1197 1766 1474 1805 partibus,0rna-

225 1818 346 1851 mentis
373 1825 407 1850 et
434 1815 606 1858 generibus
630 1815 838 1855 quibusdam.
862 1819 913 1849 De
928 1818 1062 1858 balteo,
1082 1819 1191 1859 clypei
1215 1822 1350 1860 regendi
1368 1823 1470 1854 ratio.

224 1883 267 1906 ne
280 1870 427 1925 *eiusque
453 1869 485 1901 in
507 1878 613 1909 pugna
629 1879 688 1901 usu
702 1893 713 1910 ,
733 1871 788 1910 qui
807 1872 887 1904 alius
907 1871 1044 1914 singulis
1061 1874 1214 1906 heroibus
1228 1874 1306 1914 fuit,
1322 1875 1401 1909 nlius
1416 1886 1473 1910 ce-

226 1928 326 1968 teris,
349 1936 423 1960 cum
447 1924 605 1957 confertis
629 1925 797 1958 ordinibus
817 1927 1017 1970 pugnabant.
1047 1926 1107 1960 His
1129 1924 1349 1970 adiunguntur
1368 1940 1468 1972 quae-

230 1985 305 2016 dam
326 1983 368 2014 de
387 1979 564 2022 λαισῆϊοις
583 1987 618 2012 et
641 1975 778 2022 atyn'do.
858 2004 868 2015 .
998 1998 1013 2014 ο
1141 2005 1153 2018 .
1286 2004 1297 2017 ⁴
1425 2008 1437 2020 0
1481 1997 1559 2031 277.-

147 2043 256 2084 Caput
277 2041 378 2074 V111.
424 2039 477 2071 De
502 2038 593 2070 hasta
609 2061 621 2078 ,
645 2038 776 2080 gladio,
799 2047 874 2071 arcu
896 2037 1031 2080 aliisque
1056 2039 1168 2073 armis.

269 2098 305 2139 ς,
328 2107 360 2131 1.
404 2097 456 2128 De
483 2094 596 2125 hastae
614 2094 773 2144 materia,
792 2093 899 2125 forma
918 2101 952 2126 et
974 2093 1135 2134 partibus.
1180 2088 1233 2127 De
1261 2096 1471 2140 discrimine,

229 2161 297 2193 quo
328 2147 475 2183 nonnulli
508 2149 712 2192 distinguunt
742 2149 899 2188 ἄκοντας
929 2155 963 2186 et
998 2147 1137 2192 i'yxeaz
1172 2152 1213 2184 de
1251 2152 1414 2186 hastarum
1442 2154 1474 2187 in

229 2207 383 2242 domibus
399 2206 623 2246 receptaculo.
717 2232 728 2242 .
854 2230 865 2241 .
998 2230 1010 2241 .
1138 2227 1151 2240 .
1280 2231 1290 2241 .
1424 2233 1436 2245 .
1483 2213 1560 2252 284.

271 2266 305 2306 S.
331 2274 365 2298 2.
409 2264 460 2296 De
485 2263 609 2302 duplici
630 2265 792 2297 hastarum
809 2274 890 2297 usu=
915 2265 1040 2297 duabus
1060 2263 1146 2296 enim
1162 2263 1229 2296 fere
1253 2266 1367 2299 armati
1388 2277 1480 2302 erant

231 2329 267 2355 et
294 2322 411 2353 dextra
441 2326 497 2351 eas
521 2317 730 2351 emittebant.
787 2313 932 2353 Fuerunt
966 2327 1100 2360 tamen,
1134 2319 1190 2360 qui
1218 2328 1353 2362 utraque
1382 2333 1477 2358 manu

232 2385 287 2409 eas
311 2373 445 2414 jaculari
463 2381 643 2406 noverant:
667 2374 760 2407 laeva
782 2385 872 2408 suam
895 2376 1006 2409 emisit
1027 2375 1211 2407 Patroclus.
1285 2398 1296 2410 .
1431 2404 1442 2414 .
1487 2384 1562 2419 286.

279 2426 311 2470 ς.
336 2440 368 2469 3.
414 2425 466 2460 De
481 2426 612 2468 gladio,
639 2438 736 2469 quem
757 2429 836 2462 belli
855 2439 889 2464 et
910 2431 1000 2471 pacis
1020 2438 1169 2471 ternpore
1188 2441 1317 2472 semper
1339 2439 1380 2468 ad
1395 2438 1479 2472 latus

237 2497 280 2523 ex
306 2486 417 2519 balteo
443 2483 642 2524 pendentem
667 2484 833 2517 habebant
856 2493 890 2519 et
916 2486 1034 2529 vagina
1060 2487 1244 2520 conditum.
1302 2489 1380 2529 Ejus
1410 2503 1477 2526 ma-

235 2541 387 2576 imbrium
419 2544 607 2579 argenteum
636 2537 719 2579 fuit,
749 2547 783 2573 et
815 2541 936 2582 duplex
969 2540 1070 2576 acies.
1131 2541 1324 2578 Gladiorum
1353 2549 1480 2590 vaginis

237 2596 442 2637 appendebat
463 2592 641 2637 μάχαιρα.
720 2618 732 2628 .
863 2617 876 2629 .
1009 2619 1021 2630 .
1149 2623 1161 2632 .
1287 2626 1299 2637 .
1431 2629 1442 2640 .
1488 2612 1566 2647 288.

276 2655 309 2696 ς.
332 2663 365 2694 4.
406 2654 461 2687 De
479 2657 554 2686 arcu
568 2677 581 2694 ,
602 2661 636 2686 et
661 2653 812 2694 pharetra
826 2662 837 2684 ε
861 2653 902 2686 de
931 2661 1026 2684 arcus
1046 2653 1193 2694 partibus
1219 2654 1353 2697 ejusque
1372 2655 1476 2694 conii-

915 2708 933 2727 Ο
946 2707 963 2726 U
977 2709 994 2728 ⁸
1009 2709 1028 2728 0
1040 2709 1057 2727 Ο

1476 2718 1566 2751 ciem
