1780 3120
223 161 321 217 336
601 156 1283 227 ANTIQUITAS

363 334 375 346 .
411 320 427 346 ·.
463 333 474 344 .
510 333 523 345 .
556 295 739 360 Ἀργείων
765 301 1003 359 πρςκκλίζετο
1029 306 1170 354 πάντας
1205 305 1375 362 ἀρίστους
1394 335 1407 358 ,

347 361 532 420 'Avi-(fimi)
560 367 803 424 μαχέτοετθαι
833 369 870 407 έν
902 367 983 424 αἷυῇ
1012 367 1173 417 'lusoria
1198 373 1234 409 ι.
1582 417 1588 419 „

229 429 415 490 Quibus
442 428 593 482 verbis
619 428 840 472 excitatus
862 446 1064 491 pugnam
1087 447 1193 474 cum
1224 429 1386 475 Paride
1409 428 1515 475 iniit
1546 427 1639 476 Me:

228 495 396 543 nelaus.
454 493 550 541 Ubi
583 511 687 539 vero
718 492 872 556 plures
902 492 1184 539 contendere
1203 497 1422 558 cupiunt,
1462 494 1519 541 ad
1543 503 1638 541 sor-'⁴

225 570 324 608 tem
347 560 586 607 arbitrium
616 559 783 605 deferri
805 558 918 604 solet
940 570 977 605 2.
1044 560 1138 618 Qui
1172 569 1529 624 provocaverat,
1562 578 1643 622 pu·

228 644 363 690 gnam
394 626 486 672 fere
513 623 691 670 orditur
719 623 990 688 primusque
1016 624 1193 670 hastam
1222 625 1407 671 emittit.
1466 626 1522 672 In
1557 627 1645 671 Pa-

228 693 348 739 ridis
390 708 495 738 cum
539 688 748 736 Menelao
777 696 990 751 μονομαχίᾳ
1027 690 1172 753 priori
1210 689 1326 737 illud
1363 699 1483 737 sorte
1509 689 1645 736 obve-

230 758 303 805 nit
325 757 361 801 5,
429 755 578 804 Ambo
604 756 743 818 igitur
777 755 902 801 inter
928 765 1171 820 utramque
1197 756 1345 801 aciem
1387 756 1646 804 consistunt

232 828 286 870 έυί
327 828 440 885 χώρῳ
488 823 747 883 διαμετρητῷ,
799 820 850 865 in
892 820 996 866 loco
1033 820 1091 866 ab
1133 821 1332 867 Hectore
1373 829 1419 867 et
1462 820 1646 867 Achille

232 887 450 935 definito:
503 887 641 932 sacris
680 885 808 930 factis
853 883 912 930 de
945 903 1101 948 pugna
1140 886 1290 949 pactio
1320 888 1551 932 sancitur:
1588 885 1647 932 de

234 951 578 999 conditionibus
603 951 849 998 convenit:
886 951 1013 1013 prior
1035 950 1214 997 hastam
1241 951 1465 1015 jaculatur
1489 952 1646 1008 Paris5

236 1027 338 1066 tum
376 1016 641 1072 Menelaus,
680 1016 759 1080 qui
810 1015 962 1061 missis
999 1015 1141 1062 hastis
1189 1017 1240 1062 in
1276 1016 1496 1061 Paridem
1540 1031 1650 1062 ense

238 1083 484 1132 confestim
514 1082 667 1130 irruit.
734 1080 870 1127 Victo
888 1079 1058 1127 Paride
1077 1119 1089 1141 ,
1123 1089 1177 1126 ut
1201 1080 1446 1145 postulatis
1475 1081 1656 1128 satisfa-

236 1151 363 1197 ciant
391 1149 431 1194 T
435 1148 611 1214 rojani,
646 1147 856 1210 exposcit
898 1146 1046 1192 victor
1089 1146 1328 1194 Menelaus
1351 1146 1390 1194 4.
1457 1147 1658 1193 Haecin

237 1214 500 1279 exemplum
546 1212 833 1279 capitulatim
871 1210 1107 1258 diximus:
1156 1212 1216 1259 ab
1261 1211 1362 1260 aliis
1405 1212 1538 1260 aliter
1583 1228 1658 1259 res

238 1290 426 1346 peracta
468 1288 538 1326 est
560 1316 574 1339 ‚
625 1278 683 1324 de
725 1294 818 1342 quo
858 1276 1126 1343 singulatim
1187 1294 1419 1343 exponere
1469 1276 1660 1343 longum

241 1348 303 1394 sit
323 1345 361 1393 5.
1538 1351 1542 1358 '

306 1411 347 1475 ξ.
385 1427 432 1475 7.
500 1409 585 1457 Sin
618 1419 774 1457 autem
814 1428 839 1456 a
878 1409 1146 1475 promachis
1183 1426 1257 1457 res
1300 1409 1361 1457 ad
1403 1410 1549 1457 finem
1582 1409 1662 1457 de-

247 1477 357 1524 duci
399 1492 496 1522 non
534 1477 716 1541 potuit:
754 1476 828 1523 vel
880 1477 919 1523 si
960 1475 1020 1522 de
1062 1476 1204 1523 caesis
1241 1475 1494 1540 spoliandis
1527 1493 1664 1541 proe-

243 1543 359 1590 lium
400 1550 555 1588 ortum
586 1552 680 1588 est:
715 1540 788 1589 vel
823 1541 1025 1607 denique
1070 1543 1111 1589 si
1158 1541 1380 1604 singulari
1418 1542 1664 1589 certamini

245 1608 377 1656 Iocus
426 1623 521 1652 non
563 1607 682 1653 fuit:
735 1616 914 1654 turmae
968 1610 1019 1653 in
1070 1617 1246 1654 turmas
1290 1616 1574 1654 concurrunt
1617 1617 1665 1654 et

244 1672 458 1740 pluribus
489 1672 600 1719 locis
636 1689 790 1738 pugna
826 1672 1122 1719 increbescit.
1192 1673 1330 1732 Quod
1362 1672 1442 1719 ubi
1478 1674 1557 1731 fit,
1591 1673 1666 1718 in-

248 1757 362 1805 gens
404 1738 577 1785 clamor
621 1757 645 1784 a
678 1738 1070 1785 concurrentibus
1097 1737 1174 1784 edi
1205 1737 1344 1786 solet:
1379 1746 1408 1784 οἱ
1439 1739 1479 1785 δὲ
1517 1739 1667 1791 ξύνισαν

247 1809 403 1869 μεγάλῳ
445 1808 623 1868 ἀλαλητῷ
646 1804 696 1862 6;
742 1820 882 1869 quem
934 1819 1042 1849 cum
1086 1802 1369 1850 torrentibus
1407 1801 1465 1849 de
1507 1812 1669 1849 monte

245 1869 491 1920 ruentibus
516 1881 536 1915 7
552 1907 565 1929 ,
603 1887 714 1917 cum
746 1870 863 1916 mari
885 1867 1112 1915 fluctuum
1129 1877 1257 1915 aestu
1282 1870 1447 1933 agitato
1472 1868 1494 1902 8
1514 1905 1525 1926 ‚
1561 1883 1668 1915 curn

248 1937 370 2001 ignis
406 1935 498 1982 late
541 1935 733 1982 furentis
781 1945 1087 1982 ventorumve
1130 1933 1477 1982 vehementium
1515 1934 1670 1980 fremi-

249 2011 303 2049 tu
326 2013 374 2059 9,
421 2000 610 2067 aliisque
647 2002 874 2066 ejusmodi
924 2002 987 2048 ita
1031 2009 1268 2067 comparat
1306 2001 1569 2059 Homerus,
1618 2008 1673 2046 ut

254 2068 462 2116 omnium
487 2069 581 2115 vim
610 2075 800 2132 superet

1575 2165 1677 2185 σοί·

306 2301 343 2345 1)
368 2300 413 2338 ΙΙ.
438 2299 515 2346 ΙΙΙ,
540 2302 583 2337 16
608 2308 644 2335 et
667 2313 709 2347 19
732 2313 804 2348 seq.
900 2303 939 2347 τι)
963 2301 1044 2338 vid.
1068 2301 1113 2339 Il.
1135 2302 1228 2346 VII,
1253 2314 1314 2348 171
1339 2313 1434 2348 seqq,
1528 2302 1569 2347 5)
1593 2303 1676 2343 vid.

257 2349 299 2391 Il.
322 2355 400 2399 111,
424 2357 493 2391 515
521 2367 618 2401 seqq.
758 2358 798 2402 4)
824 2356 905 2393 Vid.
937 2357 981 2393 11.
1006 2358 1045 2393 L.
1067 2357 1091 2394 l.
1131 2370 1181 2394 vs.
1200 2359 1267 2392 540
1287 2369 1381 2402 seqq.
1528 2359 1568 2400 5)
1596 2359 1676 2398 Vid.

256 2409 302 2448 Il.
337 2410 429 2455 VII,
452 2412 518 2446 252
542 2423 634 2456 seqq.
667 2411 803 2457 XXIII,
838 2414 903 2458 817
928 2412 975 2448 al.
1139 2413 1177 2456 6)
1203 2411 1246 2447 Il.
1272 2410 1376 2456 XIV,
1400 2411 1478 2456 595.
1526 2410 1580 2448 Cf.
1604 2413 1676 2459 IV,

264 2466 334 2501 144
377 2477 472 2511 seqq.
509 2467 575 2510 394
602 2477 695 2510 seqq.
742 2465 788 2503 al.
832 2466 922 2500 Hinc
962 2478 1073 2511 pugna
1124 2468 1276 2501 Homero
1311 2471 1363 2499 est
1405 2465 1570 2505 φύλοπις,
1609 2469 1678 2506 vid.

260 2517 423 2554 Eustath.
457 2519 499 2553 ad
535 2519 577 2556 Il.
615 2520 651 2565 1,
688 2523 766 2565 492.
924 2521 961 2566 7)
1000 2521 1080 2560 vid.
1115 2522 1160 2559 Il.
1189 2521 1266 2567 IV,
1289 2522 1369 2556 452.
1528 2521 1566 2566 8)
1593 2523 1675 2561 Vid.

258 2572 301 2609 Il.
335 2574 376 2608 L·
409 2573 435 2612 l.
470 2586 519 2612 vs.
550 2586 579 2612 c.
614 2582 649 2609 et.
687 2574 769 2609 XIV
790 2602 801 2622 ‚
837 2576 905 2622 594
937 2588 1009 2622 seq.
1185 2577 1222 2622 9)
1255 2574 1339 2612 vid.
1382 2573 1427 2612 Il.
1465 2574 1572 2621 XIV,
1607 2569 1677 2623 596

257 2639 352 2674 seqq.
