1780 3120
236 86 328 134 3&
611 80 1292 151 ANTIQUITAS

240 217 345 274 Qua
381 231 544 262 currus
585 215 635 261 in
667 213 876 260 membra
907 230 987 260 sua
1028 212 1328 260 dissolutione
1363 213 1534 261 factum
1564 227 1660 278 est,

239 292 322 337 ut,
349 281 386 327 si
418 297 472 326 eo
501 296 616 344 opus
653 289 798 337 esset,
836 277 1037 341 singulae
1077 282 1180 344 ejus
1213 289 1397 343 parte5‚
1435 280 1544 326 inde
1577 300 1661 347 pe-

240 348 377 396 titae.
418 346 572 392 denuo
603 344 947 410 componendae
983 353 1136 390 essent
1178 360 1230 389 ea
1264 347 1474 401 ratione,
1521 365 1660 411 quam

243 411 456 476 pluribus
486 429 622 475 supra
666 410 987 474 explicuimus.
1057 410 1181 456 Hinc
1220 410 1393 457 Priami
1421 410 1501 456 filii
1540 415 1661 476 patri

243 494 386 542 equos
413 484 449 523 ἐν
476 480 643 536 δώμασιν
675 480 841 538 ὑψηλοῖσι
866 474 1070 538 junxisse
1099 473 1320 520 dicuntur
1344 485 1385 531 ³,
1423 494 1514 542 quo
1540 479 1661 526 sacto

244 559 350 589 cum
375 558 608 606 praecone
646 558 784 588 senex
822 557 1011 587 currum
1046 539 1347 586 conscendit:

376 609 449 655 Ἐκ
476 605 513 656 δ’
529 608 643 655 ἔλασε
662 612 848 671 προθύροιο
874 611 938 652 καὶ
965 609 1137 660 αἰθούσης
1163 607 1342 669 §.cedam-mu
1365 617 1404 654 ².

487 974 830 1025 CAPUT
915 973 1431 1026 DECIMUM.

767 1124 835 1154 DE
881 1121 1154 1154 NAVIBUffi

316 1292 357 1356 ξ.
399 1308 437 1337 1.
503 1260 843 1348 Frequentem
869 1282 1060 1330 navium
1080 1283 1367 1330 mentionem
1384 1285 1670 1336 carminibus

250 1357 448 1407 intexuit
476 1354 726 1400 Homerus.
794 1349 867 1396 Ne
896 1348 954 1394 {le
988 1365 1170 1405 earum,
1199 1349 1367 1414 quibus
1394 1350 1450 1396 ad
1479 1351 1673 1416 Troiam

221 1450 224 1454 .
250 1418 612 1489 oppugnandam
631 1415 795 1463 Graeci
817 1415 1009 1477 profecti
1037 1421 1146 1459 sunt
1165 1451 1176 1471 ,
1206 1415 1405 1478 catalogo
1422 1415 1597 1466 dicam:
1618 1434 1674 1466 ex

250 1493 334 1547 iis,
368 1502 484 1554 quae
510 1485 560 1532 in
591 1481 904 1546 superioribus
935 1479 994 1526 de
1024 1488 1281 1526 mercatura
1311 1491 1356 1527 et
1378 1483 1570 1546 piratica
1596 1501 1676 1531 ex-

251 1555 490 1622 posuimus
513 1550 564 1607 5,
613 1548 798 1594 heroica
842 1546 981 1592 etiam
1029 1553 1177 1590 aetate
1225 1546 1444 1605 navibus,
1480 1566 1676 1613 quarum

233 1614 679 1670 *construendarum
717 1621 863 1659 artem
891 1619 1149 1663 noverant,
1177 1619 1274 1656 tum
1303 1612 1536 1674 Graecos,
1575 1624 1676 1662 tum

257 1688 368 1735 alios
403 1681 600 1750 populos
630 1695 733 1724 usos
771 1694 868 1723 esse
889 1713 900 1728 ,
936 1676 1070 1733 satiS,
1104 1676 1157 1721 ni
1193 1676 1322 1722 fallor
1341 1679 1554 1743 ,‘cuique
1595 1699 1678 1745 pa-

257 1753 364 1800 tuit.
446 1750 548 1796 Nec
597 1754 754 1791 tamen
801 1743 884 1789 has
937 1740 1101 1787 eadem
1150 1743 1331 1788 ratione
1392 1752 1527 1809 atque
1579 1756 1676 1793 arte

258 1819 370 1867 olim
426 1810 772 1863 fabricabantur
798 1845 810 1865 ‚
875 1806 1168 1854 instruebant
1219 1816 1264 1853 et
1330 1808 1680 1871 gubernabant,

258 1901 401 1952 quam
434 1877 689 1948 posteriore
722 1884 932 1935 tempore
959 1890 1066 1919 usus
1099 1872 1257 1919 docuit
1284 1882 1330 1919 et
1360 1875 1458 1935 ipsa
1497 1877 1681 1924 invenit

259 1950 504 1999 hominum
533 1942 734 1991 solertia.
804 1938 1070 2003 Simplicior
1097 1938 1186 1984 hoc
1204 1955 1313 1985 aevo
1341 1940 1426 1986 fuit
1457 1951 1503 1987 et
1525 1945 1682 1990 minus

260 2016 468 2064 absoluta
508 2010 677 2057 ratium
709 2005 909 2052 fabrica:
946 2004 1079 2050 litora
1104 2004 1198 2049 fere
1225 2003 1427 2068 legentes
1463 2024 1556 2054 non
1589 2009 1680 2056 nisi

262 2082 468 2130 interdiu
510 2072 629 2122 mari
666 2071 810 2120 infido
859 2086 958 2116 sese
998 2068 1277 2129 credebant,
1312 2081 1456 2117 noctu
1482 2073 1681 2121 navibus

257 2150 313 2197 in
347 2147 481 2193 litora
526 2138 794 2187 subductis:
832 2153 934 2182 raro
980 2144 1058 2182 aut
1095 2153 1332 2200 nunquam
1370 2137 1514 2182 allum
1556 2149 1683 2202 pete-

265 2216 411 2268 bant,
450 2210 507 2256 iis
536 2207 712 2270 quippe
733 2202 1054 2250 instrumentis
1082 2199 1320 2259 destituti,
1354 2202 1522 2266 quibus
1553 2222 1680 2252 nunc

265 2290 364 2328 tuto
400 2274 522 2323 illud
540 2273 641 2318 fieri
671 2269 796 2316 licet.
863 2268 950 2313 Est
982 2283 1088 2313 vero
1107 2303 1117 2323 ,
1146 2266 1273 2331 quod
1300 2267 1345 2313 in
1374 2268 1445 2313 his
1470 2270 1684 2333 navigan-

263 2348 315 2394 di
356 2343 466 2392 artis
501 2333 797 2387 incunabulis
839 2333 1031 2379 navium
1065 2331 1435 2396 magnitudinem
1472 2337 1685 2396 mireris,

1568 2418 1686 2467 quae

318 2553 354 2597 ι)
381 2550 463 2588 vid.
487 2548 534 2586 11.
556 2542 687 2590 XXIV,
713 2545 793 2581 281.
915 2542 953 2588 2)
978 2540 1019 2578 Il.
1044 2542 1083 2580 L.
1105 2540 1132 2577 l.
1156 2554 1203 2578 vs.
1229 2543 1308 2583 523,
1425 2543 1464 2590 5)
1489 2543 1571 2582 Vid,
1595 2545 1635 2582 L,
1650 2544 1688 2580 11

268 2621 297 2645 t.
324 2621 389 2653 ιο,
413 2618 468 2642 u.
505 2643 510 2648 ,
