1780 3120
546 145 1116 197 HOMERICA
1510 168 1559 218 Ὀ

150 303 296 337 unum
321 282 441 332 a'ddo
457 319 469 341 ,
510 279 770 346 Olympum
794 292 1090 325 communem
1123 293 1222 325 esse
1253 277 1457 329 Deorum
1485 299 1559 330 se..

153 353 262 400 dem
303 350 501 413 regiam,
547 350 676 411 cujus
717 345 935 392 verticem
977 360 1212 390 summum
1243 343 1360 391 Zeus
1397 355 1556 407 tenet,

153 435 261 466 cum
294 415 436 462 ceteri
457 411 535 459 Dii
568 411 706 457 variis
735 427 844 456 eum
877 409 1088 472 partibus
1114 407 1332 455 incolant.
1400 411 1557 462 Multis

151 483 264 530 locis
280 480 401 528 hanc
416 480 622 526 Deorum
647 475 804 522 sedem
825 474 1071 538 descripsit
1097 475 1239 520 Poeta
1257 511 1268 530 ,
1296 476 1345 520 in
1368 492 1560 541 eamque

150 548 362 595 universe
391 543 623 592 transtulit
646 557 944 606 quaecunque
973 540 1243 605 principum
1268 538 1462 588 heroum
1490 560 1565 590 re-

152 627 352 677 gumque
378 609 542 656 domos
576 623 741 655 ornare
769 606 982 654 solebant
1006 617 1040 653 ².

215 678 256 742 ξ.
292 695 339 724 2.
419 675 650 737 Regiones
699 690 881 738 quoque
933 672 1130 735 integrae
1157 708 1169 731 ,
1230 679 1278 718 et
1326 671 1564 732 civitateS‚

149 760 262 808 quas
300 742 466 807 cuique
512 738 766 803 aptissimas
814 736 1095 795 censebant,
1130 737 1385 803 antiquitus
1429 741 1568 788 certis

149 811 250 857 Diis
292 808 480 855 fuerunt
519 803 742 859 tributae,
793 802 961 868 quibus
1016 804 1154 850 veluti
1204 803 1399 850 numina
1449 813 1569 852 tute-

147 874 266 921 laria
310 869 638 937 praesidebant
696 867 917 931 singulari
973 867 1091 915 inibi
1152 867 1374 931 religione
1435 872 1565 920 culti.

150 941 222 986 Ita
247 954 438 985 nemora
479 936 607 992 Pan,
641 943 770 1000 prata
811 932 1058 998 Nymphae
1096 943 1360 981 tenuerunt.
1443 935 1564 984 Inde

149 1003 370 1052 Phoebus
400 1000 623 1066 Chrysam
656 1017 708 1046 ac
740 998 904 1046 Cillam
942 999 1087 1055 tueri,
1124 1009 1195 1055 et,
1228 1009 1279 1046 nt
1311 998 1566 1063 Aphrodite

153 1069 310 1134 Cypro
333 1079 380 1127 2,
416 1068 478 1114 ita
508 1064 703 1113 Tenedo
737 1067 964 1129 imperare
1007 1063 1176 1112 dicitur
1200 1066 1234 1114 5.
1303 1067 1418 1112 Prae
1451 1077 1571 1115 cete-

148 1136 213 1182 ris
239 1135 414 1198 Argos,
448 1134 660 1198 Spartam
692 1139 738 1177 et
762 1132 1004 1195 Mycenam
1025 1147 1152 1177 caras
1185 1130 1271 1179 sibi
1307 1130 1448 1179 habet
1478 1134 1574 1181 He-

148 1217 199 1248 re
220 1200 259 1249 4.
326 1200 451 1246 Hinc
493 1199 617 1245 varia
656 1196 960 1259 cognomina,
1002 1195 1170 1261 quibus
1222 1207 1569 1257 memorantur,

149 1274 204 1312 ut
229 1263 334 1323 Zei‚
367 1279 509 1329 quem
526 1261 731 1310 Achilles
754 1263 817 1308 ita
836 1262 1047 1318 invocat,
1078 1264 1275 1308 Δωδωναῖε
1294 1266 1510 1327 Πελασγικέ
1532 1266 1568 1310 5;

150 1328 461 1395 Aphrodites,
508 1343 624 1392 quae
664 1332 813 1389 Κύπρις
836 1327 857 1360 6
892 1335 938 1372 et
984 1327 1189 1383 Phoebi,
1243 1329 1323 1392 qui
1360 1330 1571 1386 Ἑλικώνιος

149 1396 247 1449 ἄναξ
272 1407 291 1443 7
325 1393 480 1440 audit:
517 1392 711 1445 urbium⁸
743 1393 868 1438 enim
899 1400 946 1437 et
979 1391 1237 1439 insularum
1259 1428 1286 1450 ,μ
1309 1411 1423 1459 quae
1457 1397 1570 1460 ipsis

151 1460 334 1508 dicatae
381 1466 517 1514 sunt,
554 1456 733 1504 domini
769 1473 821 1502 ac
860 1457 1003 1503 veluti
1045 1474 1173 1521 reges
1219 1457 1511 1508 habebantur
1533 1463 1572 1508 8.

150 1526 378 1573 Omnium
409 1524 600 1576 urbium
634 1539 795 1567 curam
828 1522 888 1569 ad
926 1522 1145 1569 Athenen
1184 1527 1419 1588 pertinere
1459 1544 1570 1574 cen·

149 1590 339 1646 sebant,
391 1587 520 1634 unde
554 1590 779 1651 ἐρυσιῒττολις
816 1586 1058 1634 dicebatur
1081 1598 1127 1646 9,
1178 1605 1270 1654 quo
1309 1593 1499 1639 nomine
1544 1612 1570 1642 a

149 1655 364 1723 Trojanis
387 1654 582 1700 obsessis
607 1654 818 1699 invocata
839 1652 1004 1716 legitur
1030 1665 1083 1699 10.
1102 1658 1107 1664 '
1151 1655 1206 1701 In
1227 1654 1419 1719 singulis
1439 1675 1571 1724 prae-

150 1732 301 1777 terea,
349 1719 616 1784 principum
668 1719 975 1782 praesertim,
1011 1718 1199 1767 aedibus
1243 1726 1326 1776 Διὸς
1371 1725 1570 1787 Ἑρκείου,

149 1785 279 1834 velut
311 1787 519 1851 ipsarum
553 1783 757 1830 custodis
803 1792 850 1830 et
891 1783 1176 1845 defensoris,
1215 1803 1293 1834 ara
1337 1798 1569 1838 exstructa

150 1853 238 1900 fuit
271 1863 329 1898 ¹¹.

216 1918 258 1973 ξ.
292 1914 340 1963 3.
419 1912 618 1976 Singulis
662 1913 803 1961 rebus
835 1912 1049 1960 humanis
1085 1915 1343 1966 intererant
1372 1920 1487 1980 Dei,
1524 1931 1571 1971 et

150 1983 355 2050 partium
388 1978 540 2026 studio
571 1978 700 2026 ducti
738 1978 1003 2026 mortalium
1034 1979 1147 2030 alios
1185 1983 1291 2032 odio
1323 1992 1572 2055 persequi,

1497 2056 1577 2103 ali-

201 2170 238 2216 1)
264 2169 318 2206 Cf.
348 2169 460 2215 Heyn.
482 2168 624 2205 Excurs.
650 2168 748 2203 VIII.
774 2168 815 2204 ad
838 2169 880 2203 Il.
906 2169 947 2215 I,
971 2171 1050 2216 492.
1076 2169 1159 2217 ibiq.
1187 2171 1331 2209 Homeri
1359 2175 1400 2211 de
1423 2177 1568 2225 Olympo

155 2225 223 2260 loci
255 2225 410 2264 collecti,
448 2225 490 2259 ad
525 2237 646 2269 eosque
672 2223 822 2269 singulos
853 2225 1069 2270 interpretes,
1130 2226 1258 2262 Miiller
1287 2228 1351 2276 Op.
1376 2230 1399 2268 l.
1430 2233 1497 2269 vol.
1522 2233 1570 2271 11.

155 2292 188 2325 p.
209 2281 275 2314 250
298 2290 391 2325 seqq·
429 2286 464 2313 et
499 2280 541 2313 A.
568 2279 606 2315 F.
635 2279 677 2314 G.
702 2277 861 2323 liudolph
886 2279 967 2315 diss.
995 2279 1088 2316 Phil.
1114 2279 1263 2326 Mythol.
1297 2283 1340 2319 de
1372 2285 1452 2321 sede
1474 2286 1571 2322 Deo‘-

157 2345 234 2367 rum
265 2333 528 2368 Homericorum
556 2332 754 2367 domestica.
788 2333 1025 2378 vitembergae
1061 2347 1092 2371 a.
1119 2337 1217 2381 ¹794·
1241 2337 1326 2384 ibiq.
1360 2339 1454 2375 laud.
1480 2351 1574 2380 auct,

156 2392 195 2431 2)
222 2387 347 2433 Hymn.
366 2389 402 2422 in
420 2386 573 2432 Aphrod.
598 2400 645 2423 vs,
668 2389 745 2433 293.
856 2387 892 2431 5)
919 2388 961 2424 ΙΙ.
984 2389 1022 2433 Ι,
1046 2391 1089 2424 55
1111 2402 1184 2436 seq.
1303 2393 1342 2438 4)
1367 2394 1409 2431 Il.
1430 2395 1501 2441 IV,
1526 2399 1568 2434 51

157 2455 228 2488 seq.
369 2442 407 2486 5)
432 2442 465 2476 ll
498 2442 597 2487 XVI,
622 2444 699 2478 235.
732 2442 772 2476 de
797 2442 919 2488 quibus
945 2444 1008 2477 Zei
1039 2445 1235 2481 nominibus
1258 2446 1325 2484 vid,
1357 2448 1467 2497 Heyn,
1490 2451 1572 2487 Obs.

158 2497 202 2531 ad
224 2496 249 2532 l.
269 2496 293 2532 l.
436 2495 475 2540 6)
500 2496 544 2531 11.
578 2496 630 2541 V,
653 2499 731 2533 422.
889 2497 925 2544 7)
951 2498 995 2534 Il.
1015 2499 1093 2543 XX,
1115 2501 1183 2536 404
1207 2500 1323 2548 ibique
1361 2503 1411 2540 Cl.
1435 2504 1573 2551 Heyne.

159 2551 196 2594 8)
220 2551 310 2585 Hine
351 2550 455 2585 etiam
495 2552 584 2586 Zeus
612 2559 664 2587 est
698 2551 881 2595 Δωδώνης
909 2554 1050 2592 μεδέων
1077 2553 1118 2590 11.
1141 2555 1232 2598 XVI,
1266 2558 1344 2592 234.
1461 2559 1498 2604 9)
1525 2560 1576 2594 Ut

158 2604 202 2641 ΙΙ.
226 2605 298 2649 VI,
322 2606 400 2641 305.
446 2605 572 2650 Hymn.
600 2608 635 2640 in
672 2605 804 2639 Pallad.
835 2605 877 2650 I,
904 2620 936 2642 1.
958 2606 1015 2652 ΙΙ,
1040 2610 1073 2644 5.
1121 2608 1173 2645 Cf.
1202 2609 1311 2655 Kijpp.
1338 2610 1379 2643 ad
1412 2610 1454 2648 Il.
1478 2615 1517 2650 L,
1545 2615 1575 2652 l,

158 2671 206 2694 vs.
234 2672 288 2704 92.
333 2658 537 2694 Eustathius
575 2661 721 2700 φύλακα
758 2660 895 2699 πόλεως
930 2662 1189 2707 interpretatur.
1322 2664 1446 2709 10)11.
1482 2668 1519 2704 L.
1544 2668 1570 2706 l,

161 2713 219 2758 ιι)
245 2713 325 2748 vid.
345 2712 410 2751 Od.
439 2713 552 2759 XXII,
578 2716 656 2752 535.
705 2713 758 2751 Cf.
780 2714 870 2750 infra
893 2728 921 2752 c.
940 2729 968 2763 7.
995 2719 1026 2763 ᾗ.
1045 2729 1073 2762 7.

1041 2768 1077 2810 ,λ
1112 2763 1141 2810 5
