1780 3120
190 172 256 223 33
548 173 1238 236 ANTIQUITAS

185 304 352 354 abierit
372 341 389 369 ,
423 302 595 354 devicti
628 323 754 353 arma
788 304 981 352 Phoebo
1020 307 1382 356 sacrificaturum
1414 319 1517 357 voto
1556 315 1606 357 se

185 371 432 437 obstringit
463 371 534 420 his
556 371 709 419 verbis
737 379 995 436 concepto:

383 444 466 488 Καὶ
490 444 634 501 κρεμόω
662 442 768 501 προτὶ
797 442 878 492 νηὸν
900 439 1124 492 ’Λπόλλωνος
1142 443 1282 488 ἑκάτοιο
1305 452 1344 489 10'

422 803 767 851 CAPUT
840 776 1363 854 DECIMUM.

589 953 656 983 DE
700 953 1185 984 DIVINATIONIBUS.

237 1099 277 1164 ξ.
316 1106 359 1151 1.
424 1071 741 1150 Graecorum
769 1103 827 1150 de
852 1103 953 1150 Diis
984 1102 1202 1167 opinione
1242 1118 1411 1168 eosque
1444 1103 1599 1150 colen-

169 1163 220 1211 di
254 1168 431 1214 ratione
458 1168 696 1232 explicita,
732 1167 792 1214 de
816 1168 1104 1216 divinatione
1141 1167 1339 1215 dicenda
1369 1169 1597 1234 quaedam

169 1242 452 1294 supersunt,
489 1235 540 1282 id
569 1243 663 1291 est,
698 1232 757 1278 de
783 1236 992 1293 ratione,
1026 1252 1117 1299 qua
1144 1232 1217 1280 vel
1237 1235 1393 1280 divino
1425 1236 1593 1298 spiritu

169 1296 341 1345 afflatos
361 1298 436 1346 vel
455 1300 595 1362 signis
620 1298 896 1363 quibusdam
918 1300 1178 1345 admonitos
1209 1298 1414 1346 divinam
1434 1299 1593 1347 volun-

167 1369 313 1409 tatem
332 1382 382 1412 ac
410 1374 617 1409 mentem
642 1366 923 1427 praesentire
956 1374 1001 1410 et
1025 1362 1296 1428 praedicere
1323 1382 1460 1429 posse
1491 1384 1593 1412 cre-

164 1425 339 1475 debant
362 1443 398 1476 2.
442 1430 567 1475 Deos
598 1431 725 1475 enim
750 1430 926 1493 singula
944 1430 1147 1476 humana
1178 1447 1338 1475 curare
1364 1439 1410 1475 et
1433 1432 1591 1479 amicis

162 1493 256 1539 suis
298 1512 406 1541 cum
435 1494 728 1558 vigilantibus
764 1504 864 1540 tum
893 1494 1233 1541 dormientibus
1251 1534 1262 1553 ,
1298 1495 1466 1558 quibus
1495 1497 1588 1544 vel-

162 1555 265 1605 lent
298 1561 467 1624 signis,
505 1561 656 1606 futura
686 1562 944 1624 significare
970 1559 1061 1606 sibi
1088 1570 1425 1624 persuaserant.
1468 1562 1592 1609 Hine

164 1632 295 1672 lanta
337 1627 675 1672 divinationum
705 1627 950 1672 auotoritas
975 1663 985 1683 ,
1022 1635 1073 1671 ut
1101 1626 1148 1669 in
1175 1626 1458 1687 gravioribus
1492 1629 1592 1692 qui-

163 1687 436 1756 buscunque
479 1691 617 1737 rebus
661 1690 845 1738 divinae
891 1691 1063 1737 mentis
1098 1690 1376 1754 interpretes
1420 1709 1587 1738 consu-

160 1753 339 1815 lantur,
376 1759 580 1804 Deorum
617 1759 769 1804 omina
812 1765 1059 1820 captentur
1102 1764 1149 1800 et
1205 1765 1364 1802 contra
1400 1759 1588 1820 auguria

160 1820 232 1869 vel
266 1823 475 1887 prodigia
505 1819 758 1888 quidquam
787 1823 956 1869 audere
982 1820 1114 1867 nefas
1139 1821 1197 1866 sit
1221 1821 1254 1866 5.
1323 1823 1488 1885 Neque
1518 1833 1586 1871 ta-

158 1902 267 1932 men
306 1904 469 1934 eorum
510 1887 640 1952 apud
691 1905 851 1934 omnes
889 1885 1151 1933 indubitata
1187 1886 1276 1932 fuit
1321 1890 1581 1936 auctoritas.

159 1951 234 1998 Ex
263 1953 425 2001 avibus
452 1971 496 2001 v.
525 1971 564 2000 e.
590 1953 921 2009 divinationem
961 1968 1058 1998 non
1084 1960 1266 1997 tantum
1296 1970 1390 1998 non
1417 1964 1583 2002 curant

155 2015 335 2064 Hector
358 2029 404 2065 et
422 2019 747 2083 Eurymachus
762 2056 773 2077 ‚
811 2019 892 2065 sed
922 2020 1190 2082 vituperant
1208 2019 1348 2064 etiam
1370 2018 1409 2066 4.
1471 2020 1584 2067 Tar-

158 2080 219 2128 de
249 2086 371 2130 enim
393 2122 406 2142 ,
441 2102 558 2152 quae
592 2084 766 2131 credita
803 2083 1026 2141 laedunt,
1075 2080 1337 2140 credimus,
1374 2101 1465 2149 quo
1500 2086 1581 2144 fit,

156 2156 211 2194 ut
242 2157 290 2195 et
317 2147 442 2197 idem
483 2151 659 2197 Priami
697 2149 819 2196 filius
857 2160 904 2197 et
931 2149 1010 2196 alii
1045 2146 1205 2194 heroes
1225 2186 1236 2207 ‚
1270 2166 1377 2195 cum
1409 2148 1585 2197 divina—

1494 2224 1585 2263 tio-

204 2342 243 2386 1)
268 2341 312 2379 Il.
336 2342 428 2389 VII,
451 2345 507 2384 83,
623 2348 663 2393 2)
690 2347 864 2392 Frequens
884 2352 936 2379 est
956 2344 1206 2378 divinationum
1228 2343 1357 2378 mentio
1377 2346 1411 2379 in
1435 2346 1581 2382 Homeri

152 2397 384 2443 carminibus,
409 2399 468 2444 qui
495 2401 621 2445 passim
655 2405 824 2446 μὰντεῖς,
862 2400 1120 2443 οἰωνοπόλους,
1161 2400 1429 2446 ονειροπὸλοινς,
1455 2403 1580 2446 ἱερῆας

152 2458 188 2485 ct
213 2455 414 2492 θυοσκόους
438 2454 604 2494 celebret.
722 2458 758 2501 5)
783 2457 859 2490 Huc
883 2454 1062 2489 reserenda
1088 2454 1188 2486 θεῶν
1210 2454 1303 2497 ὀμφή
1320 2482 1329 2498 ‚
1354 2467 1439 2500 quae
1461 2456 1577 2491 sutura

152 2506 357 2541 mortalibus
381 2509 596 2555 praecipiens
624 2512 666 2546 ab
703 2512 854 2546 Homero
881 2510 934 2544 vel
968 2511 1062 2553 ὀμφή
1088 2507 1215 2542 (licitur
1250 2508 1280 2542 Π
1316 2510 1396 2555 XX,
1420 2524 1476 2556 29.
1510 2511 1576 2550 Od.

150 2559 226 2605 ΙΙΙ,
258 2564 333 2597 215.
369 2563 422 2596 vel
454 2568 553 2608 φήμη
582 2567 643 2602 Od.
670 2567 727 2611 11,
755 2569 807 2602 35.
843 2566 917 2609 XX,
945 2579 1016 2599 loo.
1054 2563 1109 2598 vel
1141 2563 1305 2606 κλεηδών
1337 2564 1400 2597 Od.
1435 2565 1573 2605 XVIII,

152 2626 237 2659 117,
262 2615 301 2649 de
322 2628 387 2662 qua
407 2618 474 2654 vid.
500 2619 700 2656 Buttmann.
724 2620 831 2655 Lexit.
867 2621 962 2655 Part.
982 2619 1011 2654 Ι.
1045 2632 1077 2663 p.
1101 2629 1146 2651 m.
1168 2631 1206 2651 21
1231 2630 1323 2663 seqq.
1359 2626 1393 2652 et.
1418 2619 1571 2653 Niizsch.

150 2668 190 2700 ad
216 2669 280 2704 od.
306 2670 328 2705 i.
350 2670 376 2706 i.
502 2673 541 2717 4)
569 2674 618 2707 Dr
657 2677 799 2710 declar-t
825 2675 893 2711 xid,
920 2675 962 2709 ll.
983 2674 1068 2719 hil,
1095 2675 1172 2719 237·
1199 2672 1237 2706 dc
1263 2673 1479 2719 liuiynmcho
1505 2676 1567 2711 (Μ.
1585 2672 1596 2679 ,-

151 2722 206 2766 nn
236 2729 310 2759 1251.
358 2725 410 2761 Cs-
437 2726 532 2774 XIX,
559 2732 623 2765 &bo
639 2744 730 2777 2¹:121.
1631 2725 1646 2736 ⁵
