1780 3120
588 130 1160 209 HOMERICA.
1515 173 1582 224 99

162 296 291 355 Quae
330 290 519 358 quidem
559 291 610 338 in
653 307 787 337 causa
817 289 956 336 fuisse
987 288 1241 347 videntur,
1277 288 1401 354 quod
1434 288 1574 336 boves

158 357 353 424 generali
384 372 726 421 nonnunquam
755 357 943 402 nomine
980 355 1040 403 ab
1066 356 1272 402 Homero
1299 364 1483 417 χρήματα
1505 354 1575 401 di-

159 431 436 474 cerentu1·¹.
504 423 653 469 Boum
700 422 839 484 igitur
875 437 1070 468 numero
1103 424 1253 488 majus
1295 419 1366 465 vel
1415 421 1574 467 minus

155 491 223 536 rei
262 490 469 554 pretium
501 487 787 535 definiebant
817 524 828 545 ‚
878 487 937 534 ita
969 496 1019 534 ut
1055 504 1159 534 eam
1199 501 1367 533 novem
1388 521 1399 541 ‚
1439 487 1573 547 quin-

153 555 368 619 quaginta
403 552 480 600 vel
514 562 705 600 centum
732 551 880 600 bobus
913 561 1127 600 constare
1165 551 1374 599 dicerent
1396 561 1433 597 ².
1488 552 1578 596 Ea-

156 620 268 667 dem
291 622 470 667 ratione
502 618 684 666 metalla
711 619 950 666 aestimata
996 627 1121 666 sunt.
1193 616 1400 664 Athones
1445 618 1573 661 enim

157 685 317 748 aegida
355 694 403 731 et
442 694 654 750 centum,
694 683 863 750 quibus
904 683 1143 747 fulgebat,
1178 681 1386 732 fimbrias
1413 697 1573 726 aureas

157 767 527 798 commemorans
557 787 569 810 ,
627 748 916 814 singularum
962 750 1167 816 pretium
1220 750 1284 796 ita
1333 747 1572 794 con-stituit

151 816 320 864 Poeta:

281 915 650 931 ........
683 884 918 943 ἑκατόμβειες
947 884 987 930 δὲ
1014 883 1170 935 ἕκαστος
1192 880 1231 930 3.

146 945 329 994 Eodem
360 946 603 995 referenda
637 957 744 995 sunt
768 964 885 1013 quae
914 946 974 993 de
1007 947 1183 995 Glauco
1211 946 1453 1012 leguntur,
1489 946 1569 1013 qui

145 1012 284 1061 stulte
316 1030 396 1060 sua
425 1030 533 1061 cum
562 1013 792 1061 Diomede
822 1030 948 1059 arma
986 1021 1245 1060 mutaverat

245 1096 253 1105 ‘
275 1083 435 1140 Χρύσεα
462 1084 648 1141 χαλκείων
669 1116 681 1137 ,
714 1079 924 1139 ἑκατόμβοι’
946 1079 1160 1139 ἐναεαβςιὼν
1183 1079 1221 1127 4.

143 1143 269 1192 Hinc
293 1144 485 1191 fortasse
514 1145 690 1191 factum
709 1181 723 1202 ‚
756 1152 811 1190 ut
839 1144 1198 1191 numismatibus
1244 1142 1467 1209 deinceps
1497 1143 1573 1191 in-

142 1210 292 1256 ventis
317 1218 366 1256 et
392 1210 445 1256 in
478 1218 763 1257 mercaturae
783 1226 919 1256 usum
948 1209 1165 1257 adhibitis
1182 1247 1194 1267 ,
1230 1211 1474 1276 antiquum
1501 1209 1570 1256 rei

143 1273 457 1322 aestimandae
483 1292 661 1323 morem
704 1275 965 1333 servarint,
1015 1284 1244 1341 quatenus
1276 1275 1411 1323 bovis
1456 1276 1569 1340 figu-

143 1358 244 1388 ram
290 1339 382 1387 illis
423 1340 637 1405 imprimi
673 1349 892 1388 curarent
914 1340 952 1389 5.
1028 1342 1141 1390 Auri
1174 1358 1359 1407 quoque
1393 1339 1566 1387 talenta

138 1405 321 1471 saepius
366 1404 597 1452 collaudat
637 1406 868 1452 Homerus
901 1443 913 1463 ‚
963 1405 1023 1452 de
1064 1406 1233 1472 quibus
1287 1409 1337 1454 in
1384 1406 1567 1455 diversa

139 1471 358 1518 abierunt
377 1471 484 1519 Viri
501 1471 639 1518 Docti
665 1472 700 1517 6.
768 1471 1064 1534 Singulorum
1093 1473 1372 1519 sententiam
1393 1471 1471 1519 hic
1493 1472 1564 1518 in-

142 1553 295 1584 serere
316 1535 505 1599 longum
537 1538 683 1593 foret,
719 1545 766 1582 et
796 1535 853 1582 ab
895 1537 1108 1584 instituto
1143 1546 1302 1584 nostro
1341 1537 1564 1588 alienum.

138 1602 326 1666 Signata
358 1601 439 1648 illa
473 1601 601 1664 apud
639 1602 843 1648 Graecos
901 1602 1040 1649 fuisse
1062 1641 1072 1661 ‚
1118 1611 1246 1650 extra
1296 1620 1436 1650 omne
1476 1603 1562 1650 du-

137 1667 270 1716 bium
319 1666 455 1733 ponit
495 1667 732 1724 Festinus,
779 1684 1078 1733 quanquam,
1123 1669 1317 1733 inquit,
1352 1669 1560 1734 pondere

135 1733 290 1800 potius
323 1750 465 1798 quam
496 1735 642 1798 figura
660 1770 672 1790 ,
705 1732 831 1798 apud
857 1734 1115 1780 Homerum
1145 1734 1365 1782 videntur
1396 1751 1561 1793 censa,

135 1815 283 1864 eoque
326 1813 424 1844 non
457 1799 521 1846 ita
562 1813 729 1861 magno
753 1810 792 1847 7.
858 1800 989 1859 Quae
1023 1798 1215 1864 quidem
1249 1798 1426 1847 talenta
1467 1816 1558 1846 nce

135 1866 311 1929 signata
329 1899 342 1922 ,
376 1878 463 1910 nec
500 1865 690 1929 proprie
716 1863 779 1909 ita
815 1863 989 1911 dictam
1017 1873 1256 1911 monetam
1291 1865 1431 1912 fuisse
1456 1881 1559 1911 mea

138 1931 231 1978 fert
272 1928 505 1976 sententia
526 1929 564 1976 8.
633 1929 691 1974 In
733 1945 864 1987 aum,
898 1937 1119 1992 argento,
1164 1929 1323 1977 aliisve
1362 1929 1562 1978 metallis

134 1991 452 2064 ponderandis
476 2005 499 2039 9
541 1992 759 2060 proprius
803 1994 892 2043 suit
934 1993 1100 2042 talenti
1142 2012 1251 2044 usus
1271 2034 1282 2054 ‚
1327 2013 1420 2062 qua
1449 2013 1560 2046 voce

1490 2078 1565 2127 ge·

180 2198 217 2242 ι)
243 2197 323 2234 vid.
346 2197 475 2243 Hymn.
500 2197 536 2232 in
559 2197 681 2234 Herm.
703 2209 751 2233 vs.
772 2198 854 2233 400.
958 2192 995 2238 2)
1022 2194 1104 2231 vid.
1125 2194 1168 2232 11.
1194 2194 1306 2231 xxm
1321 2225 1331 2243 ‚
1356 2201 1446 2244 703,
1473 2201 1551 2246 705.

132 2252 200 2290 od.
224 2253 264 2298 1,
287 2254 368 2289 451.
390 2260 455 2289 etc.
552 2252 590 2295 5)
616 2253 657 2288 11.
678 2251 738 2298 11,
759 2254 841 2297 449.
868 2251 910 2286 ad
938 2263 970 2297 q.
990 2250 1018 2285 l.
1042 2251 1111 2284 vid.
1135 2250 1285 2296 Inter-pr.
1323 2252 1379 2289 Cf.
1402 2254 1557 2292 Nitzscb.

137 2308 178 2342 ad
204 2308 269 2343 Od.
292 2305 309 2340 1
324 2330 335 2348 ‚
358 2308 441 2342 431.
540 2305 581 2351 4)
607 2306 649 2343 11.
668 2306 741 2350 VI,
764 2308 844 2342 256.
971 2304 1010 2349 5)
1035 2305 1086 2340 -Ut
1109 2306 1205 2350 ajunt
1230 2306 1344 2343 Schol.
1370 2307 1413 2344 B.
1435 2308 1482 2344 D.
1511 2309 1555 2342 ad

135 2361 180 2398 ll.
205 2362 302 2401 XXI,
328 2373 381 2408 79.
429 2361 499 2403 Qui
524 2360 623 2406 plura
649 2361 712 2395 hac
732 2361 771 2394 de
795 2373 834 2394 re
855 2360 926 2394 fuse
953 2359 1127 2405 disputata
1150 2360 1237 2394 velit
1257 2361 1362 2396 adeat
1382 2362 1496 2398 schol.
1522 2363 1559 2397 et‘

136 2416 287 2461 Interpr.
311 2415 352 2450 ad
371 2416 500 2460 11.V1,
524 2418 601 2451 2313.
628 2416 725 2460 XXI,
751 2428 806 2461 79.
830 2414 944 2460 Od.I‚
968 2416 1046 2450 431.
1072 2422 1108 2450 et
1128 2414 1273 2459 Goguet.
1290 2416 1356 2462 Op.
1373 2417 1397 2452 l.
1422 2417 1487 2451 vol.
1505 2415 1553 2453 Π.

137 2471 232 2508 Livr.
254 2470 317 2516 IV.
340 2483 371 2505 c.
391 2473 433 2516 4,
469 2469 593 2516 quibus
624 2482 690 2503 non
715 2471 834 2504 eadem
864 2469 1022 2504 omnibus
1053 2471 1223 2504 sententia
1243 2478 1307 2505 est.
1410 2470 1449 2514 6)
1475 2471 1555 2509 vid.

136 2532 274 2571 praeter
296 2524 387 2558 locos
412 2532 448 2559 et
475 2532 566 2560 auct.
597 2524 697 2558 modo
727 2523 819 2560 laud.
855 2523 983 2569 11.1X‚
1010 2537 1096 2570 122,
1121 2526 1203 2561 264-
1237 2524 1376 2563 XVIII,
1399 2526 1466 2571 507
1486 2533 1554 2562 etc.

137 2580 175 2625 7)
201 2579 295 2613 Edit.
319 2578 414 2615 susb.
452 2591 486 2624 p.
507 2592 582 2614 201.
619 2578 736 2612 laudat
771 2577 814 2615 ll.
836 2578 969 2624 XXIII,
993 2581 1074 2624 269.
1202 2579 1241 2622 8)
1266 2578 1394 2613 Eadem
1419 2590 1552 2615 mecum

138 2633 267 2668 zentire
303 2632 402 2667 video
433 2633 544 2678 Kb'pk.
574 2634 637 2678 Op-
660 2633 682 2670 l.
720 2636 752 2678 5.
777 2645 808 2679 7.
843 2645 875 2679 p.
896 2646 933 2678 71
967 2645 1062 2680 seqq.
1203 2633 1241 2678 9)
1267 2632 1373 2676 Cujus
1404 2634 1454 2668 rei
1486 2646 1554 2669 no·

139 2698 231 2724 certa
255 2687 391 2734 quidem
413 2688 447 2723 in
474 2687 626 2723 Homero
656 2687 784 2722 indicia
817 2695 971 2734 exstant,
995 2688 1052 2723 sed
1075 2687 1271 2730 conjectura
1302 2687 1389 2724 iliud
1405 2690 1552 2724 assecuti

1039 2741 1066 2775 G
1095 2755 1114 2776 2
1499 2755 1560 2778 au-
