1750 3116
153 166 184 201 2
334 131 337 135 ’
525 146 1204 205 ANTIQUITAS

157 278 333 331 misene
360 277 576 325 omnibus
593 277 693 325 Diis
710 276 887 341 Pelasgi
914 279 1138 326 sacrificia
1157 277 1410 337 faciebant,
1439 280 1567 327 nullo

160 347 376 410 cuiquam
402 345 591 391 nomine
617 353 697 389 aut
729 345 1000 406 cognomine
1027 346 1263 409 imposit0‚
1294 355 1410 410 quae
1435 346 1569 410 longo

159 409 350 457 demum
379 418 588 474 tempore
611 407 768 472 elapso
785 425 841 454 ex
862 411 1070 473 Aegypto
1094 409 1154 456 ad
1171 410 1271 457 illos
1302 409 1476 475 perlata
1501 429 1574 458 re-

156 477 261 527 fert.
329 473 688 537 Quadringentis
703 490 797 519 non
818 474 1013 538 amplius
1041 483 1146 521 ante
1177 492 1224 522 se
1255 477 1387 522 annis
1406 476 1577 522 Home-

157 558 266 589 rum
285 548 421 605 atque
437 538 696 586 Hesiodum
719 539 893 603 primos
919 540 1057 586 fuisse
1083 550 1260 599 censet,
1284 541 1364 606 qui
1383 541 1574 588 Graecis

158 605 453 667 theogeniam
500 603 706 651 versibus
746 605 1101 667 consignarent,
1152 606 1254 652 Diis
1302 607 1576 668 cognomina

161 671 352 728 darent,
378 670 574 718 bonores
603 678 649 716 et
671 686 865 716 munera
891 669 1226 718 distribuerent
1254 681 1392 736 atque
1415 687 1577 718 eorum

160 736 383 798 imagines
419 736 715 800 designarent
738 746 772 781 1.
842 736 970 795 Quae
1003 735 1191 801 quidem
1229 735 1456 784 Herodoti
1476 753 1579 786 ver·-

161 801 221 848 ba
265 818 361 848 non
411 803 475 849 ita
523 811 630 848 sunt
686 800 978 865 accipienda,
1020 811 1074 848 ut
1126 818 1178 848 ea
1215 802 1370 848 omnia
1406 801 1580 848 Home-

163 884 270 913 rum
295 876 342 914 et
370 867 630 914 Hesiodum
654 867 829 930 primos
861 867 1093 914 invenisse
1123 868 1467 914 existimemus:
1504 866 1579 913 his

165 932 291 980 enim
330 942 592 996 repugnant
635 948 753 996 quae
792 931 850 977 de
892 931 1110 996 Orpheo,
1162 933 1350 981 Musaeo
1391 932 1582 996 aliisque

162 998 470 1045 veterioribus
513 1006 620 1044 sunt
662 995 861 1060 prodita.
940 998 1091 1044 Immo
1126 1015 1233 1046 vero
1271 1000 1358 1046 fuit
1394 997 1588 1044 Graecis

165 1061 446 1127 mythologia
476 1071 583 1112 ante
617 1062 809 1109 Homeri
839 1071 886 1108 et
904 1062 1101 1109 Hesiodi
1127 1072 1359 1128 tempora:
1393 1062 1446 1108 hi
1476 1078 1585 1108 vero

167 1143 193 1175 e
223 1129 436 1193 populari
461 1128 705 1175 traditione
722 1165 732 1185 ‚
765 1145 881 1194 quae
904 1128 964 1175 ad
994 1128 1116 1174 Deos
1140 1130 1401 1194 pertinent,
1437 1127 1589 1173 omnia

168 1192 414 1257 diligenter
453 1193 595 1242 relata
636 1193 974 1241 confirmarunt
1031 1203 1079 1239 et
1122 1203 1282 1241 ornata
1336 1200 1588 1249 auxerunt,

168 1259 235 1305 ita
276 1268 326 1304 ut
365 1259 476 1307 dein
508 1261 601 1307 fere
632 1258 719 1305 soli
752 1259 803 1304 in
836 1259 1122 1306 Graecorum
1161 1258 1390 1324 theologia
1420 1257 1591 1323 princi-

164 1341 248 1394 pes
285 1323 564 1372 haberentur
593 1335 640 1372 et
672 1323 802 1390 quasi
839 1333 1045 1371 auctores
1069 1336 1106 1370 2.

234 1390 273 1453 ξ.
304 1389 347 1437 3.
417 1390 580 1438 Miram
619 1399 665 1437 et
688 1389 936 1436 absurdam
961 1406 1148 1454 prorsus
1172 1390 1335 1455 priscis
1355 1391 1453 1438 istis
1476 1397 1595 1435 tem-

170 1455 366 1520 poribus
397 1455 455 1502 de
474 1457 574 1504 Diis
598 1456 864 1521 opinionem
890 1455 1107 1501 fovebant
1132 1455 1358 1502 mortales.
1408 1459 1478 1504 Ut
1503 1455 1594 1519 ipsi

173 1530 335 1579 erant,
372 1522 434 1568 ita
463 1521 551 1569 sibi
580 1524 705 1570 Deos
738 1520 1068 1569 informabant.
1135 1520 1348 1568 Eandem
1377 1523 1432 1570 iis
1473 1521 1595 1583 cogi-

175 1587 335 1644 tandi,
372 1588 536 1652 agendi
567 1597 613 1634 et
638 1584 827 1634 vivendi
856 1587 1083 1632 rationem
1112 1585 1418 1648 affingebant,
1455 1602 1595 1653 quam

174 1652 268 1715 ipsi
307 1652 641 1717 sequebantur,
688 1650 948 1716 iisdemque
989 1649 1321 1716 cupiditatibus
1370 1663 1417 1700 et
1460 1651 1597 1701 ass'ec-

174 1717 303 1766 tibus
329 1718 534 1765 Numina
593 1717 773 1766 moveri
816 1715 1097 1773 credebant,
1145 1716 1314 1783 quibus
1371 1736 1469 1765 sese
1508 1717 1596 1763 im-

173 1782 286 1853 pelli
317 1783 592 1833 sentiebant.
673 1780 834 1831 Verbo
860 1818 872 1841 ,
912 1799 966 1828 eo
1004 1782 1206 1829 maxime
1243 1791 1290 1828 et
1321 1785 1458 1830 unice
1499 1782 1594 1828 fere

1539 1847 1599 1895 ab

182 1970 283 2004 nibus
307 1971 456 2005 conferri
482 1977 633 2005 meretur
657 1969 696 2003 P.
722 1969 762 2005 F.
787 1969 827 2006 A.
853 1967 1004 2003 Nitsch’s
1026 1967 1281 2014 Besehreibnng
1299 1968 1357 2003 des
1380 1968 1599 2016 biluslichem

187 2025 541 2060 Gottesdienstlichen
558 2033 622 2060 etc.
668 2024 858 2058 zustandes
885 2023 944 2056 der
963 2022 1137 2057 Griechen
1162 2030 1225 2059 etc.
1248 2024 1364 2057 zwcite
1385 2024 1515 2070 aussage
1537 2037 1602 2059 von

187 2080 233 2117 G·
260 2080 302 2117 G.
328 2080 362 2116 S.
388 2081 518 2124 Rapta.
565 2079 687 2114 Erfurt
708 2082 806 2115 1806.
833 2086 916 2113 tom.
936 2077 966 2114 I.
991 2090 1022 2122 p.
1048 2080 1112 2112 640
1131 2089 1222 2122 seqq.

235 2134 280 2179 ι)
307 2135 399 2171 nist.
425 2135 463 2168 L.
488 2134 534 2170 ΙΙ.
558 2147 588 2168 e.
612 2135 666 2170 55.
719 2132 797 2168 vid.
822 2132 940 2167 Briese
974 2132 1057 2165 iiber
1081 2131 1210 2164 Homer
1237 2131 1305 2165 und
1335 2130 1505 2167 Hesiodus
1534 2141 1600 2170 etc.

186 2202 252 2223 von
282 2188 324 2225 G.
349 2190 525 2223 Hermann
559 2187 627 2221 und
662 2187 702 2225 F,
727 2187 885 2224 Creuzer.
909 2186 1066 2223 Heidelb.
1093 2188 1188 2222 1818.
1228 2193 1261 2219 et
1290 2193 1381 2223 auct.
1404 2186 1462 2230 qui
1485 2187 1544 2223 eit.
1570 2202 1604 2233 p,

190 2257 238 2285 m.
261 2258 316 2290 27.
364 2243 415 2279 Cf.
451 2244 503 2280 (ΣΙ.
528 2243 567 2277 P.
599 2255 662 2277 van
693 2241 858 2286 limburg
886 2242 1068 2287 Brouwcr,
1100 2241 1227 2274 I‘roeve
1258 2252 1337 2273 over
1369 2240 1409 2274 de
1444 2241 1606 2286 zedelijlte

189 2297 399 2336 schoonheid
419 2298 478 2332 der
500 2297 609 2342 Po'e'zij
631 2309 694 2330 van
713 2297 884 2330 Homerus
908 2309 940 2340 p.
959 2300 979 2331 8
1003 2308 1093 2340 seq.;
1117 2294 1206 2340 quod
1237 2294 1487 2338 elegantissime
1524 2308 1610 2329 con-

193 2354 357 2398 scriptum
381 2365 464 2397 opus
487 2365 592 2396 nuper
614 2352 649 2385 in
676 2351 827 2395 linguam
852 2350 1022 2385 Gallicam
1044 2362 1177 2384 versum
1199 2357 1234 2384 et
1258 2349 1302 2385 V.
1327 2348 1378 2384 Cl.
1403 2349 1439 2383 in
1458 2350 1499 2385 B.
1517 2350 1610 2383 Con-

195 2409 319 2445 stantis
349 2407 389 2441 de
412 2407 519 2441 Iliade
548 2413 582 2439 et
609 2405 758 2451 Odyssea
780 2405 984 2440 sententiam
1003 2403 1282 2441 adnotationibus
1305 2411 1440 2440 auctum
1465 2404 1609 2448 prodiit.

197 2462 320 2502 Leodii
346 2462 433 2507 apud
457 2462 489 2498 J.
514 2461 554 2495 (le
582 2459 963 2497 Sartorius-Delaveux.
1427 2495 1433 2499 ,
1457 2478 1468 2486 .

244 2518 292 2560 2)
319 2517 372 2554 Cf,
397 2530 482 2562 qnae
515 2516 666 2560 disputat
689 2515 727 2551 P.
755 2516 793 2552 F.
817 2517 857 2551 A.
880 2514 999 2549 Nitscll
1022 2515 1085 2559 Op.
1108 2513 1131 2549 l.
1157 2521 1239 2549 tom.
1258 2513 1288 2549 Ῑ.
1313 2525 1345 2558 p.
1373 2515 1438 2559 027
1459 2525 1552 2557 seqq.
1577 2521 1611 2549 et

205 2573 251 2608 G.
271 2572 339 2609 W.
364 2571 502 2605 Bitzsch
526 2570 740 2605 Erlssliirrnde
760 2570 922 2605 Anmerk.
947 2583 986 2605 zu
1006 2570 1165 2603 llomer’s
1182 2568 1340 2613 Odyssee.
1365 2568 1484 2601 liu-ster
1502 2566 1612 2603 Bana.

207 2627 246 2659 ¹..
271 2625 417 2665 i-IN'.
442 2626 635 2664 Hannover.
664 2628 762 2663 1320.
785 2625 923 2662 Proem.
947 2638 979 2672 p.
1001 2623 1096 2662 Mll.
1118 2635 1189 2669 seq·
1216 2630 1250 2657 ct
1273 2621 1398 2659 inc-dn.
1423 2622 1463 2655 ad
1487 2620 1566 2656 libr.
1588 2621 1616 2658 l.

199 2681 248 2719 ibi
273 2681 299 2720 l·
