1780 3120
602 129 1178 205 nonnam&
1512 155 1606 220 243

182 285 312 337 basis
330 290 480 344 esset,
516 283 593 333 cui
620 285 853 334 insisteret
872 295 913 335 ².
977 284 1226 354 Ejusmodi
1255 284 1477 352 poculum
1509 290 1598 339 alio

117 374 127 393 ;
185 353 376 402 nomine
413 369 439 398 a
478 350 623 399 Poeta
664 355 936 418 ἀμφικύπελλον
976 361 1165 399 vocatur
1186 363 1234 411 2,
1281 353 1406 400 unde
1444 364 1602 419 pateat

185 418 300 466 illud
343 436 369 464 a
405 418 595 474 ceteris,
645 419 770 484 quod
812 417 870 464 ad
910 435 1080 476 usum,
1127 436 1221 466 non
1255 418 1395 465 fuisse
1443 421 1601 468 diver-

184 501 303 532 sum.
373 483 640 531 Aristoteles
666 485 723 531 de
758 483 916 548 apium
953 484 1077 530 cellis
1108 501 1269 547 agens,
1307 501 1380 530 eas
1416 492 1600 550 ἀμφίστο-

181 571 270 612 μους
310 548 455 608 dicit,
501 567 800 597 communem
848 549 1047 596 fundum
1086 549 1335 609 habentes,
1386 558 1432 596 et
1469 561 1596 599 recte

181 615 340 662 addit:
377 621 460 678 περὶ
491 623 580 676 μίαν
603 628 679 679 γάρ
709 620 825 675 βκσιν
859 617 917 661 §122
945 618 1083 676 θυρίὲες
1116 622 1235 674 εἰσίν,
1270 619 1389 679 ὥςπερ
1418 629 1489 662 τῶν
1522 625 1600 677 ἀμ-

179 685 436 746 φικυπέλλων,
468 689 491 733 ἡ
511 686 579 741 μὲν
605 687 724 739 ἐντὸς,
759 690 782 735 ἡ
813 682 848 729 δ’
874 688 972 735 ἐκτός
995 681 1032 727 3.
1104 683 1346 728 Praeterea
1387 682 1598 729 Nestoris

178 745 348 810 poculo
391 756 588 809 quatuor
628 764 787 800 aures,
822 749 936 792 οὔατα
959 746 981 779 4
1000 783 1010 803 ‚
1047 763 1127 793 seu
1158 763 1293 792 ansae
1321 748 1504 794 inerant
1534 749 1597 795 ita

179 813 218 858 ei
246 813 505 875 appositae,
533 820 583 857 ut
604 814 790 877 utrique
815 810 979 876 poculo
994 811 1113 858 duae
1141 821 1295 859 essent
1320 813 1570 880 adjunctae
1587 850 1600 874 ,

175 878 349 942 quibus
387 875 600 922 tollerent
640 886 687 923 et
729 887 955 924 tenerent.
1035 878 1357 944 Unaquaeque
1404 879 1595 926 tandem

176 943 297 988 auris
325 959 362 989 s.
386 960 493 989 ansa
511 942 761 1008 exsculptis
779 943 900 990 binis
925 942 1150 991 columbis
1183 944 1484 1009 pascentibus
1510 945 1598 992 suit

177 1016 368 1054 ornata:

309 1110 321 1120 .
359 1109 371 1120 .
408 1107 420 1120 .
459 1107 472 1120 .
507 1074 598 1119 δειαῖ
620 1075 659 1120 δὲ
690 1077 878 1128 πελειάδες
906 1078 1021 1138 ἀμτρῖς
1038 1078 1196 1124 ἕκαστον

308 1142 476 1201 Χρύσεαι
506 1143 693 1199 ιεμεθςντο
714 1139 752 1185 5.

171 1202 428 1250 Maximum
472 1203 684 1269 profecto
719 1204 836 1260 suit,
872 1202 932 1250 cle
976 1222 1067 1270 quo
1101 1203 1330 1264 dicimus,
1368 1208 1590 1272 poculum

170 1267 475 1326 Nestoreurn‚
512 1270 640 1335 quod
669 1270 776 1316 vino
810 1270 1042 1334 repletum
1078 1272 1154 1318 vix
1196 1279 1244 1317 et
1286 1288 1346 1318 ne
1387 1275 1464 1320 vix
1497 1278 1592 1341 qui-

171 1335 281 1381 dem
328 1343 512 1399 praeter
564 1334 810 1381 Nestorem
857 1335 969 1382 alius
1014 1354 1040 1381 a
1079 1353 1240 1382 mensa
1273 1338 1530 1387 sustulisset
1552 1341 1597 1391 6.

167 1400 337 1447 Cetera
371 1401 550 1447 minora
569 1439 579 1458 ‚
609 1410 655 1447 et
689 1401 774 1448 alia
803 1400 901 1447 aliis
931 1402 1186 1465 capaciora.
1239 1402 1508 1468 Ampliora,
1543 1415 1596 1454 ut

167 1466 379 1525 videtur,
403 1466 696 1531 principibus
722 1468 909 1513 fuerunt
930 1504 941 1522 ‚
975 1485 1091 1531 quos
1117 1468 1166 1513 in
1196 1468 1348 1531 epulis
1376 1471 1484 1517 vino
1508 1471 1596 1520 lar-

155 1533 323 1594 giore,
359 1539 441 1593 οἴνῳ
467 1539 668 1595 γερσύσιῳ,
701 1532 927 1579 honorare
951 1532 1171 1580 solebant.
1223 1534 1391 1582 Peleus
1420 1544 1593 1600 χρύσειον

155 1601 314 1644 ἅλεισευ
353 1597 568 1644 habuisse
613 1596 814 1644 traditur
838 1609 857 1644 7
877 1635 888 1656 ‚
923 1598 1052 1663 quod
1082 1599 1237 1664 poculi
1275 1617 1421 1663 genus
1451 1603 1588 1669 quale

155 1662 305 1709 vfuerit
330 1680 414 1709 nos
438 1663 630 1728 quidem
661 1662 789 1710 latet.
857 1664 929 1710 De
959 1681 1067 1711 voce
1099 1666 1200 1729 ipsa
1222 1666 1503 1716 Scholiastae
1539 1678 1588 1717 et

160 1729 445 1792 grammatici
468 1728 667 1793 plurima
691 1739 912 1776 notarunt
932 1767 944 1788 ‚
982 1731 1108 1777 unde
1124 1733 1237 1778 certi
1256 1732 1374 1780 nihil
1397 1734 1587 1783 efficias.

151 1793 421 1856 —Hesychius
457 1795 796 1859 interpretatur
838 1804 1006 1859 mm'pzw
1055 1807 1325 1858 τετορνευμένεν
1349 1837 1360 1858 ,
1413 1800 1587 1848 tornati

160 1857 318 1922 poculi
342 1874 487 1921 genus
511 1859 560 1917 8,
600 1861 731 1906 utsit
758 1882 810 1918 α,
844 1864 935 1906 λεῖον
958 1872 994 1907 9.
1063 1862 1297 1925 Odysseae
1336 1874 1491 1912 autem
1529 1866 1588 1914 li-

156 1925 246 1973 bro
271 1925 408 1970 tertio
436 1922 561 1970 idem
595 1924 818 1989 poculum
851 1925 990 1972 modo
1041 1928 1153 1981 δέπας
1196 1927 1390 1988 dicitur,
1437 1931 1580 1979 modo

157 1994 330 2040 ἇλεισονε
379 2007 471 2054 quo
526 1991 580 2035 fit
623 1999 675 2036 ut
722 1991 934 2037 universe
983 1990 1110 2039 idem
1154 1993 1250 2040 fere
1306 1996 1434 2060 quod
1465 2001 1583 2052 δέπας

158 2066 325 2105 notare
368 2054 578 2102 videatur
607 2067 664 2103 ²0.
751 2057 940 2105 Praeter
962 2057 1078 2105 haec
1120 2058 1206 2108 alia
1248 2062 1388 2109 etiam
1434 2080 1586 2129 pocu-

1534 2128 1582 2178 la

216 2263 254 2306 ι)
279 2263 332 2299 Cf.
354 2261 469 2298 Schol.
494 2263 535 2297 A.
561 2261 604 2295 ad
629 2261 671 2298 11.
692 2262 716 2298 l.
736 2262 761 2298 l.
884 2261 922 2305 τι)
949 2262 1031 2300 vid.
1056 2264 1098 2300 ΙΙ.
1120 2264 1162 2309 Ι,
1185 2266 1264 2302 584.
1298 2266 1363 2304 Od.
1388 2268 1446 2303 XX
1462 2297 1473 2315 ,
1499 2272 1577 2309 153.

157 2317 198 2361 3)
223 2318 260 2354 L.
283 2317 342 2354 IX.
365 2330 394 2353 c.
414 2320 471 2352 40.
495 2316 555 2351 cit.
578 2328 597 2350 a
618 2316 820 2351 Buttmann·
845 2316 955 2355 Lexil.
982 2319 1018 2352 in
1045 2331 1075 2355 v.
1101 2319 1224 2359 ἆμφῡκ.
1250 2333 1283 2367 p.
1308 2333 1354 2357 m.
1381 2324 1456 2359 160.
1493 2325 1580 2358 Κύ-

156 2372 278 2404 πε).λα
305 2372 444 2417 χρύσεα
473 2369 660 2405 laudantur
684 2370 747 2407 ΟΔ.
766 2370 806 2415 I,
835 2374 910 2409 142.
944 2373 995 2418 X,
1020 2375 1098 2419 557.
1122 2374 1167 2410 al.
1287 2376 1326 2419 4)
1352 2375 1395 2413 Il.
1415 2377 1483 2423 XI,
1508 2381 1575 2416 632

156 2437 233 2471 seq.
331 2426 367 2469 5)
394 2425 437 2462 11.
467 2424 539 2469 XI,
564 2427 631 2460 653
659 2439 730 2471 seq.
777 2425 893 2461 Secuti
925 2441 1043 2462 sumus
1071 2429 1182 2474 Heyn.
1214 2429 1256 2463 ad
1285 2429 1311 2466 l.
1343 2430 1367 2467 l.
1394 2432 1470 2477 adq.
1519 2433 1573 2471 Cf.

155 2480 262 2514 etiam
278 2479 391 2516 Schol.
413 2488 447 2514 et
471 2479 619 2526 Interpr.
733 2481 771 2524 6)
797 2480 877 2518 vid.
900 2482 943 2517 Il.
965 2483 1003 2520 L.
1028 2483 1053 2517 l.
1080 2496 1126 2520 vs.
1153 2486 1217 2519 655
1239 2497 1311 2530 seq.
1428 2487 1464 2532 7)
1491 2486 1574 2522 vid.

154 2534 199 2570 ll.
224 2534 261 2569 L.
283 2534 308 2570 l.
331 2546 380 2570 vs.
399 2537 477 2581 773.
579 2536 618 2578 8)
645 2535 726 2569 vid.
749 2535 784 2568 in
802 2547 833 2570 v.
868 2536 922 2573 Cf.
947 2538 1149 2583 Apollonius
1172 2546 1207 2572 et
1229 2539 1341 2584 Heyn.
1360 2539 1442 2576 Var.
1461 2541 1573 2580 Lectt.

154 2595 191 2622 et
222 2588 363 2625 Observ.
396 2589 438 2623 ad
470 2588 514 2624 11.
536 2591 577 2626 L.
597 2590 624 2626 l.
745 2588 783 2635 9)
809 2590 889 2624 vid.
917 2593 1105 2628 Schneider
1137 2602 1172 2627 et
1198 2593 1336 2630 Passov.
1369 2594 1450 2628 Lex.
1480 2596 1516 2630 in
1537 2608 1570 2635 ν.

156 2642 217 2688 ιο)
243 2642 326 2680 Vid.
347 2643 413 2678 od.
437 2645 478 2681 L.
499 2644 524 2682 l.
558 2656 604 2680 vs.
627 2645 671 2680 50
688 2672 698 2689 ,
721 2646 776 2680 51.
1132 2646 1135 2649 ⁴
