1780 3120
252 156 349 208 3ae
632 154 1319 217 ANTIQUITAS

243 286 322 339 Ad
359 304 501 356 quem
540 286 696 335 locum
746 286 1021 335 Scholiastes
1074 294 1235 351 ἀγκῶνος
1295 289 1624 355 interpretatur
1651 326 1666 353 ‚

244 359 378 417 ἐξσχῆς
405 366 464 401 τοῦ
492 356 762 416 τείχους-ὕψος
791 358 830 401 δὲ
855 357 936 415 ἔχει
961 361 979 399 ὁ
1005 358 1130 416 ἀγκὼν
1163 358 1253 418 ὑπὲρ
1278 368 1390 415 μῆκος
1426 360 1552 417 ἀνδρὸς
1572 396 1583 417 ,
1620 367 1670 413 ὼς

246 427 353 484 ἐγγὺς
391 419 480 467 εἶναι
525 434 590 474 τῆς
625 425 818 472 ἐπιθέσεως
857 432 920 473 τῆς
966 421 1154 472 ε’)τοὶλξεως
1188 428 1225 464 ¹.
1294 421 1556 486 Hesychius
1600 429 1668 476 τὴν

244 499 307 534 τοῦ
330 494 471 548 τείχους
498 495 650 547 καμπήν
680 482 896 547 intelligit
919 497 954 530 2.
1022 483 1155 529 Idem
1194 483 1363 531 vallum
1384 523 1395 542 ,
1430 488 1555 552 quod
1594 487 1668 534 di-

246 553 423 609 cimus,
471 551 700 609 turribus,
735 556 879 612 πύργοις
903 549 950 604 5,
1003 548 1317 613 interceptum
1361 561 1481 609 erat,
1518 570 1670 618 quae,

244 627 299 664 ut
329 627 519 682 ἀγκῶυες,
553 617 696 681 ipsius
728 624 773 660 et
808 613 1103 660 altitudinem
1134 615 1365 677 augebant
1397 626 1443 663 et
1477 619 1670 664 firmita-

245 692 357 730 tem.
426 684 481 729 In
516 681 716 728 turribus
744 690 980 744 praeterea
1017 680 1376 727 exstruebantur
1406 700 1669 747 propugna-

247 749 379 809 cula,
428 752 595 803 ἐπάλξεις
618 749 668 804 4,
722 763 839 811 quae
879 753 1272 810 propugnatorum
1312 763 1504 811 corpora
1548 758 1670 810 tege-

245 824 366 862 rent.
437 816 490 861 In
537 816 636 878 ipsa
677 816 794 859 urbe
824 851 834 867 ‚
883 828 1000 875 quae
1051 812 1103 855 in
1146 811 1270 857 edito
1320 812 1420 858 loco
1482 815 1671 862 condita

245 881 415 939 eratS,
465 880 597 926 altior
631 880 769 924 etiam
810 874 1105 941 prominebat
1148 877 1399 940 Pergamus
1422 878 1443 912 5
1469 916 1480 936 ,
1533 881 1665 944 rupi-

243 945 360 1003 bus,
395 955 447 991 ut
482 947 545 990 ait
590 944 845 1008 Spohnius,
898 950 1210 1004 superstructa
1253 952 1391 1006 atque
1425 960 1481 989 ex
1520 943 1671 1010 aliqua

247 1020 380 1076 parte
423 1012 652 1056 inaccessa
701 1017 748 1053 et
792 1015 1042 1071 praerupta
1068 1014 1103 1051 7.
1174 1007 1216 1051 E
1257 1009 1423 1054 ceteris
1461 1010 1672 1057 turribus

244 1093 347 1123 eam
381 1072 559 1141 saepius
591 1073 748 1121 laudat
794 1074 935 1118 Poeta
955 1109 965 1125 ,
1001 1089 1119 1136 qua,
1159 1081 1319 1135 portae
1347 1074 1511 1119 Scaeae
1534 1074 1556 1107 8
1593 1092 1669 1120 su-

241 1152 500 1207 perstructa
518 1181 527 1199 ,
555 1140 614 1187 ab
644 1138 859 1185 hostibus
884 1135 995 1182 urbs
1022 1136 1209 1183 defendi
1234 1147 1419 1202 poterat
1442 1150 1501 1202 9.ι
1526 1139 1669 1187 Scaea

238 1218 392 1255 auten]
420 1217 552 1272 porta
591 1208 638 1252 in
675 1221 893 1268 campum
939 1202 1163 1249 Troicum
1183 1215 1254 1261 1⁰,
1289 1203 1350 1250 ad
1382 1204 1668 1252 Graecorum

240 1285 387 1321 castra
417 1284 463 1319 et
503 1271 854 1334 Hellespontem
894 1284 1049 1313 versus
1086 1268 1289 1315 ducebat
1308 1282 1366 1318 1¹.
1434 1269 1578 1318 Unde
1607 1270 1668 1317 de

239 1339 440 1387 Hectore
467 1341 514 1386 in
540 1338 768 1404 proelium
807 1333 1031 1381 redeunte
1069 1335 1332 1382 Homerus:

372 1403 472 1452 Εὖτε
498 1410 615 1458 πύλας
643 1410 769 1459 ἵκανε,
806 1403 1035 1464 διερχόμενος
1061 1408 1157 1464 μέγα
1187 1404 1287 1448 ἄστυ
1306 1439 1318 1459 ,

372 1476 515 1525 Σκαιάς
532 1507 542 1526 ‚
578 1474 627 1532 τῇ
649 1476 725 1532 γὰρ
745 1467 879 1529 ἔμελλε
904 1468 1105 1525 διεξίμεναι
1136 1469 1296 1515 πεδίονδε
1327 1489 1364 1513 κ.
1392 1486 1429 1515 τ.
1458 1472 1498 1516 λ.
1533 1479 1592 1516 ²2.

245 1539 399 1588 Portis
427 1538 567 1600 igitur
589 1573 601 1594 ‚
637 1535 784 1600 iisque
820 1547 1017 1579 numero
1054 1531 1295 1599 pluribus,
1332 1532 1437 1580 altis
1470 1543 1517 1580 et
1543 1534 1666 1582 bene

1540 1610 1670 1648 stru-

291 1772 330 1818 1)
355 1771 469 1808 Schol.
485 1770 558 1807 MS.
579 1770 674 1814 Lips,
694 1781 748 1815 ap.
773 1768 858 1807 Ern.
873 1769 916 1803 ad
941 1767 983 1804 ΙΙ.
996 1766 1073 1802 XVI
1088 1794 1098 1812 ,
1124 1778 1199 1810 70²·
1223 1765 1266 1800 ad
1281 1779 1315 1812 q.
1331 1766 1355 1803 l.
1391 1766 1443 1803 Cf.
1466 1767 1582 1806 Schol.
1604 1770 1666 1807 ΒΓ.

242 1829 422 1865 Nostrates
448 1827 580 1869 dicunt,
602 1824 754 1860 rondeel.
857 1824 895 1868 2)
922 1822 1033 1864 Quem
1053 1821 1121 1856 vid.
1144 1820 1180 1854 in
1207 1833 1239 1854 v.
1357 1821 1394 1866 5)
1420 1821 1501 1856 Vid.
1528 1823 1666 1870 Il.111‚

240 1888 324 1930 155,
348 1885 436 1928 584,
459 1884 538 1917 586.
561 1880 633 1924 VI,
658 1882 747 1925 377,
772 1880 850 1914 586.
875 1877 951 1912 XXI
967 1905 976 1922 ,
1000 1878 1079 1912 526.
1104 1874 1222 1919 XXII,
1247 1877 1326 1912 462.
1347 1875 1393 1912 al.
1512 1878 1552 1922 4)
1581 1878 1666 1916 Vid.

241 1940 286 1976 Il.
306 1938 426 1982 XXII,
449 1939 484 1973 5.
531 1935 586 1970 Cf.
607 1934 722 1969 Schol.
742 1933 785 1967 ad
803 1933 847 1968 Il.
870 1932 959 1976 XII,
984 1933 1061 1976 259.
1087 1937 1122 1964 et
1144 1929 1302 1966 Gramm.
1331 1930 1367 1963 in
1386 1941 1418 1967 v,
1513 1932 1553 1976 5)
1581 1933 1664 1970 Vid,

237 1995 284 2031 Il.
311 1993 388 2037 III,
414 1994 477 2028 150
494 2019 505 2036 ‚
529 1991 608 2025 505.
652 1988 762 2033 VIII,
787 1990 866 2033 499.
911 1987 983 2031 ΙΧ,
1007 1988 1074 2030 419
1091 2014 1100 2029 ,
1125 1987 1205 2020 686.
1239 1991 1273 2018 et
1302 1992 1417 2019 cetera
1450 1987 1548 2031 loca,
1579 2000 1666 2033 quae

238 2050 346 2085 habet
384 2047 482 2083 Frid.
521 2047 606 2089 Aug.
643 2043 687 2078 G.
724 2043 862 2089 Spohn,
910 2043 946 2076 in
992 2039 1280 2075 commentatione
1311 2039 1403 2076 laud.
1420 2067 1430 2085 ,
1463 2054 1549 2087 quae
1593 2050 1667 2078 tota

242 2104 447 2150 dignissima
478 2108 530 2135 est
549 2107 589 2134 ut
609 2098 821 2134 conferatur.
961 2096 999 2140 6)
1025 2095 1247 2141 ’Λκρόπολις
1278 2095 1321 2131 Il.
1335 2095 1445 2140 VIII,
1468 2098 1562 2142 494,
1586 2099 1667 2134 504.

240 2161 348 2198 πόλις
373 2158 465 2201 ἄκρη
499 2156 537 2191 ΙΙ.
566 2154 644 2199 VI,
667 2156 736 2193 88,
770 2154 849 2200 257.
886 2151 930 2188 al.
965 2152 1150 2197 ἀκροτάτη
1180 2149 1224 2185 ΙΙ.
1251 2150 1330 2195 XX,
1353 2153 1409 2187 52.
1444 2151 1560 2197 XXII,
1588 2164 1665 2197 172.

239 2218 279 2263 7)
303 2215 384 2250 Vid.
405 2211 533 2259 Spohn.
553 2211 617 2254 Op.
640 2208 664 2244 l.
689 2219 761 2253 pag.
776 2219 838 2247 11,
865 2220 920 2243 12.
1038 2204 1077 2250 8)
1102 2205 1246 2237 Σκαιαὶ
1265 2205 1379 2237 πύλαι
1402 2205 1444 2241 ΙΙ.
1466 2205 1520 2239 III
1536 2230 1546 2244 ,
1574 2208 1663 2252 145,

237 2273 328 2318 149,
349 2270 428 2306 263.
453 2267 526 2310 VI,
550 2267 614 2310 237
636 2292 645 2308 ,
669 2267 734 2310 507
752 2290 761 2307 ,
787 2264 865 2308 595-
891 2261 961 2301 IX,
986 2262 1067 2297 554.
1090 2259 1136 2296 al.
1264 2259 1301 2304 9)
1328 2259 1410 2296 Vid.
1435 2259 1568 2306 Il.III‚
1595 2263 1662 2306 149

235 2339 331 2372 seqq.
356 2325 434 2360 584.
476 2320 549 2364 VI,
573 2321 661 2366 575,
687 2320 764 2354 586.
797 2316 897 2362 XXI,
921 2318 1000 2352 526.
1048 2314 1165 2358 XXII,
1190 2314 1280 2359 447,
1306 2315 1382 2350 462.
1424 2315 1533 2349 XXIV
1549 2344 1558 2360 ,
1583 2318 1663 2362 755.

235 2380 452 2426 Δαρδάνιαι·
482 2375 598 2410 πύλαι
633 2373 818 2407 laudantur
853 2371 895 2407 Il.
915 2371 969 2419 V,
992 2374 1070 2416 789.
1106 2369 1220 2408 XXII,
1245 2370 1321 2403 413.
1361 2368 1401 2402 de
1436 2369 1559 2414 quibus
1590 2370 1661 2408 vid.

233 2437 379 2480 interpr.
404 2433 449 2467 ad
469 2431 492 2468 l.
516 2430 540 2466 l.
563 2437 598 2463 et
621 2429 731 2474 Heyn.
756 2427 798 2461 ad
819 2426 1041 2461 Lechevalier
1056 2454 1066 2471 ,
1091 2423 1345 2467 Beschreibung
1364 2424 1424 2457 der
1454 2424 1570 2458 Ebene
1595 2437 1659 2459 von

234 2491 362 2536 Troja3
387 2500 447 2522 aus
466 2486 543 2520 dem
565 2482 663 2528 Engl.
692 2482 876 2516 iibersetzt.
912 2481 1051 2526 Leipzig
1078 2492 1176 2525 1792.
1201 2479 1237 2512 in
1261 2486 1333 2514 not.
1365 2479 1407 2512 ad
1443 2493 1473 2527 p,
1493 2493 1554 2527 177
1585 2492 1659 2526 seq.

236 2545 297 2590 10)
333 2544 492 2590 Τρωϊκὸν
515 2552 544 2576 s,
581 2538 710 2583 Τρώων
738 2538 872 2570 πεδίον
906 2535 976 2572 vid.
1011 2535 1055 2570 Il.
1079 2534 1130 2577 X,
1154 2547 1210 2569 21.
1245 2532 1312 2577 XI,
1341 2535 1419 2571 835.
1464 2534 1551 2579 XV,
1577 2537 1655 2579 759.

231 2598 390 2645 11,XVI,
415 2610 487 2643 7¹2·
511 2595 553 2629 de
575 2604 640 2639 quo
666 2591 764 2638 plura
781 2592 849 2628 vid.
864 2591 953 2636 apud
971 2589 1099 2635 Sophn.
1118 2588 1181 2633 Op.
1205 2588 1229 2625 l.
1254 2601 1286 2634 p.
1307 2596 1363 2630 17.
1482 2588 1541 2635 n)
1568 2588 1652 2624 Vid-

231 2655 365 2701 xxm,
387 2654 468 2690 454.
498 2648 610 2694 XXII,
632 2649 666 2686 5.
807 2647 867 2691 22)
897 2645 942 2683 11.
967 2644 1039 2691 Vl,
1064 2646 1130 2690 592
1150 2656 1224 2691 aeq.
