1750 3116
150 166 259 189 xxxvr
521 154 746 186 OPERIS
793 150 1217 185 CONSPECTUS.

280 266 313 308 ς.
336 274 371 307 7.
416 263 466 295 De
489 269 646 302 pecorum
666 260 781 300 copia,
803 257 938 299 pascuis
953 265 988 291 et
1012 259 1198 299 pastoribus
1212 282 1223 297 ,
1246 259 1354 298 deque
1368 256 1477 299 apium

234 318 455 355 examinibus.
575 336 587 347 .
714 335 726 345 .
856 333 868 347 .
999 333 1011 345 ·
1143 335 1154 345 .
1286 334 1296 345 .
1385 322 1460 353 pag.
1486 321 1561 354 231.

277 377 308 412 S.
334 377 367 409 8.
413 374 465 405 Ex
499 371 539 403 iis
581 369 761 408 omnibus,
795 366 988 408 praesertim
1029 376 1111 399 vero
1143 377 1185 401 ex
1220 379 1255 403 re
1302 370 1478 409 pecuaria,

239 441 354 466 ornnes
374 439 443 463 tum
469 425 628 466 temporis
650 423 788 456 divitiae
813 422 1040 455 censebantur.
1145 444 1156 455 .
1286 449 1295 459 ,
1428 450 1438 459 ,
1487 437 1563 469 239,

278 486 308 526 §.
334 497 367 528 9.
413 487 466 517 Ne
494 481 657 523 principes
689 478 820 519 quidem
845 478 907 510 viri
935 478 966 509 in
993 487 1026 509 re
1054 479 1173 512 rustica
1197 489 1327 520 operam
1356 492 1476 521 ponere

232 552 290 575 sua
314 550 450 581 persona
472 541 643 580 indignum
670 535 862 569 censebant.
997 556 1008 568 .
1144 558 1154 570 .
1289 558 1301 569 .
1430 521 1459 569 ,ι
1488 547 1563 576 233.

155 599 264 638 Caput
286 598 334 629 11.
381 598 430 628 De
454 604 517 626 ven
541 603 589 627 tu.

276 653 307 692 ἕ.
334 661 363 684 1.
409 653 461 684 De
486 642 648 691 frequenti
671 648 811 682 venandi
833 648 943 680 studio
965 657 999 681 et
1021 649 1174 681 utilitate.
1290 668 1301 679 ·
1431 668 1442 679 .
1487 657 1564 688 233.

275 708 310 748 ἓ.
334 720 366 742 2.
413 708 513 740 Vario
536 716 696 738 armorum
722 712 839 745 genere
868 704 1016 734 instructi
1043 711 1195 735 venatum
1220 702 1366 734 exibant.
1435 722 1446 734 .
1491 712 1567 742 334.

272 763 306 804 S.
332 776 365 804 3.
411 764 536 795 Canum
566 770 697 802 quoque
723 767 822 798 opera
848 757 881 788 in
909 759 1085 790 venatione
1113 758 1221 799 magni
1249 757 1357 789 habita
1382 765 1447 789 est.
1490 765 1568 797 235.

277 821 308 861 ἓ.
328 831 362 860 4.
408 820 460 851 De
488 818 627 858 aucupio
649 824 684 849 et
707 815 854 855 piscatu,
878 821 976 852 quem
1004 823 1078 845 cum
1104 815 1231 846 retibus
1257 813 1483 851 exercebant,

231 882 299 906 tum
327 876 525 906 arundine.'
576 894 588 905 .
719 891 731 902 ο
865 889 879 901 ι
1009 889 1022 901 .
1150 890 1164 903 .
1290 888 1303 900 .
1433 887 1446 899 .
1490 863 1568 905 236.

148 928 257 971 Caput
279 930 347 960 ΠΙ.
392 929 444 960 De
468 928 638 959 mulierum
661 924 842 958 exercitiis.

276 986 309 1026 5.
336 993 366 1020 1.
408 985 593 1016 Commune
628 981 774 1015 omnium
814 979 960 1013 studium
995 979 1029 1012 in
1061 980 1133 1012 lana
1165 981 1315 1013 ducenda
1352 980 1484 1020 telaque

230 1041 374 1073 texenda
401 1040 610 1072 versabatur.
717 1059 730 1070 .
861 1055 873 1067 ·
1003 1055 1016 1066 .
1148 1055 1160 1067 .
1290 1055 1303 1068 .
1435 1054 1447 1066 .
1491 1032 1571 1073 238·

276 1095 308 1132 §-
332 1105 365 1128 2.
412 1096 562 1128 Famulae
597 1094 788 1134 plerumque
818 1088 924 1121 lanam
957 1094 1095 1128 pectunt
1120 1097 1154 1121 et
1185 1089 1393 1129 carminant,
1421 1096 1485 1128 qua

231 1149 278 1184 ita
305 1159 494 1190 praeparata
521 1150 679 1189 repletam
712 1149 822 1179 colum
849 1142 1001 1176 dominae
1032 1146 1172 1175 nen-lam
1208 1147 1352 1178 tradunt.
1397 1145 1490 1177 Non-

237 1215 402 1245 nunquam
425 1204 562 1237 famulae
589 1203 667 1235 item
694 1202 837 1240 nebant,
860 1199 967 1239 iisque
991 1199 1062 1231 lana
1088 1203 1348 1240 appendebatur.
1436 1222 1449 1234 .
1494 1211 1574 1242 239.

278 1261 309 1302 S.
335 1273 368 1303 3.
415 1262 466 1293 De
491 1258 572 1291 mira
600 1257 650 1288 his
677 1256 880 1295 temporibus
910 1256 1071 1289 textoriae
1106 1257 1185 1289 artis
1216 1258 1374 1299 scientia,
1403 1259 1487 1291 telae

236 1320 302 1354 situ
325 1327 360 1352 et
385 1315 517 1349 texendi
535 1314 677 1346 ratione.
731 1331 745 1343 ·
872 1330 885 1341 ·
1014 1330 1026 1343 .
1154 1331 1167 1343 .
1298 1336 1310 1346 .
1439 1336 1451 1346 .
1497 1324 1573 1356 240.

279 1374 312 1416 ς.
334 1386 369 1416 4.
415 1369 619 1405 Famularuin
652 1375 784 1398 munera
813 1362 903 1395 verit
935 1371 1055 1405 erant,
1082 1367 1194 1401 omnia
1220 1370 1341 1410 quippe
1371 1379 1489 1403 curan.

238 1433 317 1466 tium
332 1456 344 1472 ‚
367 1440 450 1471 quae
478 1437 547 1460 rem
574 1426 789 1458 domesticam
814 1420 1025 1458 spectabant.
1156 1444 1168 1456 .
1296 1447 1312 1461 ,
1441 1447 1453 1458 ,
1497 1436 1573 1468 24²·

155 1491 264 1531 Caput
286 1490 349 1521 IV.
389 1487 443 1518 De
465 1483 604 1515 musica.

282 1546 315 1585 §-
342 1553 373 1576 1.
418 1542 472 1573 De
494 1537 618 1570 musica
632 1560 643 1576 ,
666 1542 762 1566 cantu
783 1540 816 1565 ct
834 1531 975 1571 ἀοιδοῖς
996 1535 1156 1577 generalia
1180 1536 1339 1577 quaedam
1359 1537 1492 1568 tradun-

239 1609 305 1633 tur.
436 1617 448 1631 Q
581 1614 592 1625 ·
723 1613 734 1623 ·
867 1615 878 1625 .
1009 1616 1019 1625 .
1151 1616 1162 1626 .
1297 1612 1308 1623 .
1438 1612 1450 1623 .
1495 1602 1573 1633 244.

282 1654 312 1694 §-
339 1663 372 1686 2.
419 1651 632 1692 Quorundam
661 1649 700 1681 de
732 1650 873 1687 ἀοιδοῖς
901 1651 1060 1682 sententia
1093 1650 1280 1681 refellitur:
1305 1656 1408 1679 artem
1444 1648 1491 1680 illi

242 1721 333 1745 suam
362 1718 378 1738 a
404 1708 465 1738 diis
495 1705 715 1744 repetebant,
749 1715 811 1745 qua
843 1705 988 1736 omnium
1018 1706 1255 1745 persuasione,
1294 1712 1356 1734 nec
1383 1704 1489 1735 minus

243 1766 322 1798 mira
344 1761 582 1799 delectatione,
606 1769 701 1799 quam
730 1769 770 1792 ex
795 1759 920 1790 musica
946 1768 1107 1800 cantuque
1135 1760 1332 1799 capiebant,
1357 1757 1491 1790 ἀοιδῶν

242 1823 421 1859 auctoritas
445 1818 649 1858 augebatur,
673 1825 708 1846 nt
734 1816 906 1846 maximam
936 1817 1018 1847 adeo
1039 1817 1078 1845 de
1103 1824 1213 1845 corum
1237 1814 1397 1852 sapientia
1422 1826 1494 1855 opt-

242 1890 374 1915 monem
393 1878 557 1909 foverent.
584 1874 621 1903 In
635 1873 714 1902 deos
729 1880 816 1910 ipsos
830 1878 944 1901 cantus
957 1879 989 1902 et
1006 1870 1146 1900 musicae
1161 1879 1209 1901 vvs
1222 1872 1361 1903 maxima
1380 1873 1454 1905 fuit.
1499 1884 1575 1917 245.

288 1937 322 1973 ξ.
347 1944 379 1972 3.
425 1933 476 1962 De
494 1927 718 1960 instrumentis
741 1926 875 1957 musicis
891 1949 901 1965 ,
927 1935 962 1957 ut
983 1936 1058 1958 sunt
1073 1934 1082 1942 ·
1110 1924 1240 1969 αὐλὸς,
1261 1928 1408 1973 nipast,
1436 1932 1493 1962 „5-

242 1995 374 2036 θαρις,
400 1984 552 2030 φόρμιγξ
576 1992 609 2016 et
633 1981 740 2027 λύρα,
783 1981 993 2015 instrumenti
1013 1987 1120 2010 autem
1148 1988 1230 2013 sono
1259 1992 1376 2016 vocem
1404 1994 1492 2017 sem.

240 2060 299 2094 per
330 2046 584 2084 conjungtbanr.
737 2060 749 2071 .
879 2059 890 2070 0
1020 2058 1032 2069 ι
1161 2058 1175 2069 .
1303 2059 1314 2069 .
1445 2060 1456 2070 .
1499 2048 1578 2079 247.

287 2107 319 2147 ς,
346 2115 379 2144 4,
423 2097 600 2134 Ἀοιδούς
621 2101 661 2132 de
683 2099 781 2130 rebus
797 2094 919 2127 divinis
939 2102 973 2127 et
994 2092 1143 2125 humanis
1162 2094 1319 2128 cecinisse
1334 2095 1491 2134 exemplis

243 2164 412 2204 probatur.
465 2159 537 2190 Nec
572 2163 653 2188 vero
689 2153 833 2185 musicae
860 2151 893 2183 in
931 2150 1128 2184 afflictorum
1154 2148 1280 2181 animos
1310 2148 1494 2180 efficacitas

244 2224 362 2253 heroes
389 2215 499 2250 latuit.
587 2235 599 2247 .
728 2232 741 2245 .
871 2229 883 2241 .
1016 2228 1028 2240 .
1157 2227 1169 2239 .
1299 2225 1312 2237 .
1445 2227 1457 2238 .
1501 2215 1576 2248 250,

163 2278 271 2318 Caput
291 2277 338 2308 V.
385 2275 434 2306 Dc
458 2270 646 2304 saltatione.

290 2330 323 2372 §.
350 2340 382 2363 1.
426 2329 574 2360 Musicae
602 2332 636 2356 et
662 2322 772 2356 cantui
797 2319 981 2353 arctissimo
1016 2328 1033 2351 a
1057 2327 1172 2352 natura
1196 2318 1333 2351 vinculo
1362 2318 1497 2358 conjun-

247 2397 300 2422 cta
327 2394 379 2419 est
399 2383 532 2417 saltatio
547 2406 558 2422 ,
582 2389 678 2421 quam
702 2377 856 2410 heroibus
870 2373 1055 2407 Homericis
1080 2373 1111 2405 in
1138 2374 1264 2406 deliciis
1294 2375 1393 2406 fuisse
1417 2383 1494 2414 pro-

246 2447 356 2476 batur.
452 2461 463 2472 .
594 2460 605 2470 .
735 2456 747 2467 .
876 2455 887 2466 .
1021 2453 1031 2464 .
1162 2451 1173 2462 .
1306 2451 1317 2461 .
1447 2450 1458 2460 .
1503 2437 1579 2470 252.

291 2500 322 2541 ς.
349 2509 380 2531 2.
427 2498 465 2528 In
495 2495 643 2527 Deorum
671 2490 772 2524 sacris
799 2490 908 2520 cantui
935 2487 1142 2521 saltationem
1169 2494 1305 2525 eamque
1330 2483 1495 2516 choricam

245 2553 453 2597 jungebant.”
596 2571 607 2581 .
738 2568 750 2578 .
882 2565 893 2576 .
1023 2565 1035 2574 .
1164 2562 1175 2573 .
1306 2560 1317 2569 .
1445 2558 1457 2568 .
1502 2547 1579 2579 253.

293 2612 325 2649 3.
353 2621 384 2649 3.
432 2610 509 2641 Duo
531 2602 713 2637 saltationis
730 2608 848 2641 genera
866 2598 1092 2639 explicanturz
1117 2595 1261 2641 ὀρχήσις
1284 2595 1357 2628 τῶν
1375 2596 1482 2636 κυβι-

247 2669 386 2713 avolem
409 2673 442 2698 et
463 2664 528 2697 διὰ.
551 2662 617 2704 τῆς
638 2657 806 2701 σφαίρας.
870 2677 883 2689 .
1013 2675 1026 2687 .
1157 2674 1169 2683 .
1302 2673 1314 2685 .
1445 2671 1456 2682 .
1489 2655 1578 2746 §254-

1510 2725 1522 2736 .
1544 2714 1577 2743 4·
