1750 3116
520 120 1187 176 PROOEMIUM.
1455 132 1553 176 xvii

134 255 294 308 Alium
313 264 473 305 contra
497 256 780 305 Graecorum
804 256 1048 303 verborum
1063 296 1073 314 ‚
1108 273 1224 322 quae
1250 256 1299 304 in
1327 265 1547 306 contextu

133 337 426 404 interpretati
456 352 612 382 sumus
630 373 642 394 ‚
679 336 882 382 indicem
916 336 1042 382 haud
1070 338 1130 382 ita
1159 336 1364 400 amplum
1391 337 1549 382 confe-

130 417 309 474 cimus,
343 423 501 461 nostro
533 417 708 480 quippe
737 415 865 479 operi
895 432 1167 478 congruum.

194 494 481 543 Stoberianis
523 493 719 558 denique
762 492 1240 539 animadversionibus
1279 500 1326 539 et
1355 493 1547 539 Joannis

126 574 275 621 Isa'ziei
321 571 538 638 Heupelii
580 570 978 619 observationibus
1022 571 1544 635 Philologico-Criticis,

124 660 352 717 quantum
391 668 450 697 ex
489 660 646 699 nostro
683 649 873 697 consilio
923 649 1081 708 licuit,
1128 651 1199 696 usi
1240 649 1431 715 quidem
1471 668 1546 696 su*

124 746 252 791 mus,
288 739 489 776 attamen
526 729 699 787 rarius,
734 728 863 793 quod
898 728 1141 794 plerosque
1169 728 1295 776 locos
1324 729 1542 775 Homeri·

124 825 228 867 cos,
266 808 346 873 qui
375 825 401 854 a
436 807 475 854 F
478 806 622 853 eithio
657 807 807 852 citatis
836 805 903 853 ibi
933 806 1167 854 adduntur
1191 819 1208 842 ¹
1230 845 1241 865 ‚
1278 808 1376 873 ipse
1407 808 1547 855 adno-

121 887 229 933 tatis
266 889 361 952 jam
396 885 747 950 adscripseram.
825 884 988 949 Ipsum
1025 886 1153 933 enim
1183 887 1444 935 Homerum
1480 887 1543 934 le-

121 965 420 1024 ctitaveram,
466 966 737 1028 priusquam
787 964 1104 1023 consulerem,
1153 965 1327 1030 quiex
1377 967 1542 1014 eodem

120 1043 244 1090 fonte
276 1060 358 1090 sua
399 1042 672 1092 hauserunt.
749 1041 887 1102 Quod
925 1043 974 1088 in
1006 1043 1135 1090 omni
1168 1042 1257 1090 hac
1297 1060 1348 1091 re
1378 1053 1542 1092 tenen-

124 1122 238 1169 dum
267 1130 354 1169 est.
433 1120 556 1169 Nam
591 1138 678 1169 usu
708 1121 891 1186 'saepius
924 1120 1042 1168 mihi
1079 1121 1258 1180 evenit,
1292 1130 1346 1168 ut
1373 1139 1539 1170 recen·

118 1200 290 1247 tiorum
318 1199 611 1267 quorundam
648 1200 861 1264 scriptiS‚
895 1216 1011 1265 quae
1038 1198 1097 1245 ad
1132 1216 1232 1246 rem
1255 1217 1407 1248 meam
1435 1220 1538 1267 per*

118 1277 358 1337 tinebant,
403 1277 670 1326 evolvendis
715 1276 840 1325 nihil
875 1276 999 1324 aliud
1043 1279 1351 1342 proficerem,
1400 1297 1538 1348 quam

115 1364 170 1402 ut
203 1354 407 1402 eundem
448 1372 526 1403 eos
562 1373 749 1403 mecum
786 1355 962 1402 fontem
1006 1355 1173 1404 adiisse
1217 1359 1539 1425 intelligerem.

115 1434 247 1493 Quos
292 1433 596 1480 nihilominus
651 1435 931 1498 scriptores,
980 1433 1058 1480 ubi
1103 1452 1176 1483 res
1226 1438 1428 1498 ferebat,
1477 1458 1534 1489 eo

112 1511 306 1558 consilio
335 1512 499 1570 citavi,
534 1521 586 1558 ut
624 1511 874 1576 juvenibus
915 1511 1288 1578 innotescerent,
1323 1534 1412 1564 nec
1447 1520 1535 1566 mi-

111 1589 163 1637 hi
205 1606 282 1636 eos
321 1589 551 1653 ignorasse
596 1591 783 1637 crimini
817 1599 1088 1639 verteretur.
1166 1594 1325 1643 Sciens
1369 1608 1531 1648 contra

111 1669 396 1734 antiquitatis
434 1666 743 1734 compendia,
791 1686 986 1716 numero
1015 1668 1217 1735 plurima
1239 1712 1250 1733 ‚
1282 1693 1378 1723 non
1407 1695 1533 1725 com-

109 1749 402 1794 memoravi:
457 1765 569 1795 nam
613 1747 774 1795 leviter
811 1747 906 1793 fere
944 1749 995 1794 iu
1037 1750 1093 1796 iis
1137 1768 1208 1798 res
1261 1758 1530 1803 Homericae·

109 1826 514 1889 perstringuntur,
558 1842 652 1872 uno
709 1834 900 1889 excepto
951 1830 1099 1874 Doct.
1145 1830 1210 1878 H.
1249 1833 1393 1891 llase,
1446 1839 1529 1897 qui

108 1904 160 1949 in
197 1903 434 1950 tractanda
481 1904 754 1968 antiquitate¹
795 1903 973 1951 Graeca
1004 1906 1252 1955 universali
1287 1911 1394 1959 satis
1431 1933 1531 1963 nia-

107 1998 248 2044 gnam
282 1982 449 2046 prioris
485 1980 734 2028 voluminis
780 1992 960 2046 partem
1004 1984 1263 2035 Homericis
1313 2008 1371 2038 ex
1413 1994 1452 2040 F
1455 1996 1523 2041 ei-

102 2058 192 2106 thii
227 2077 388 2108 norma
423 2059 713 2109 delineandis
753 2060 988 2109 dedicavit
1010 2074 1048 2112 ².
1115 2066 1278 2113 Exstat
1316 2082 1523 2133 praeter-

104 2152 185 2191 ea,
231 2155 371 2203 quam
411 2139 582 2187 frustra
623 2138 705 2186 diu
749 2141 1002 2206 quaesitam
1047 2143 1186 2193 Doct.
1236 2141 1521 2206 bergmanni

104 2213 394 2265 humanitate
423 2228 589 2267 nactus
621 2235 752 2277 sum,
789 2236 896 2266 cum
925 2222 1081 2285 praelo
1106 2222 1389 2289 aliquamdiu
1421 2234 1518 2296 jam

1438 2318 1522 2358 ex-

162 2440 204 2486 1')
233 2441 386 2481 Ceteris
417 2444 522 2482 enim
551 2445 610 2482 uti
636 2444 798 2483 vetabat
814 2445 985 2486 instituti
1010 2450 1088 2487 mei
1120 2452 1234 2490 ratio.

159 2512 200 2558 2)
229 2510 372 2561 Operis
390 2511 528 2549 tituius
548 2518 627 2550 est:
658 2513 920 2554 Grieohisohe
944 2517 1327 2558 Alterthumskundc
1352 2533 1427 2559 von
1443 2523 1519 2564 Dr}

102 2574 151 2615 H.
181 2578 295 2615 Hase.
321 2579 419 2616 zwei
446 2577 673 2619 Bamdchon.
710 2581 905 2621 Dresden.
936 2583 1050 2623 18:8⁴

1163 2652 1214 2677 s*
