<?xml version="1.0" encoding="UTF-8"?>
<!DOCTYPE html PUBLIC "-//W3C//DTD XHTML 1.0 Transitional//EN"
    "http://www.w3.org/TR/xhtml1/DTD/xhtml1-transitional.dtd">
<html xmlns="http://www.w3.org/1999/xhtml" xml:lang="en" lang="en">
 <head>
  <title>
</title>
<meta http-equiv="Content-Type" content="text/html;charset=utf-8" />
  <meta name='ocr-system' content='tesseract 3.04.00' />
  <meta name='ocr-capabilities' content='ocr_page ocr_carea ocr_par ocr_line ocrx_word'/>
</head>
<body>
  <div class='ocr_page' id='page_1' title='image "antiquitashomeri00terpuoft_0409.png"; bbox 0 0 1780 3120; ppageno 0'>
   <div class='ocr_carea' id='block_1_1' title="bbox 480 138 1534 194">
    <p class='ocr_par' dir='ltr' id='par_1_1' title="bbox 480 138 1534 194">
     <span class='ocr_line' id='line_1_1' title="bbox 480 138 1534 194; baseline -0.008 -5"><span class='ocrx_word' id='word_1_1' title='bbox 480 147 521 190; x_wconf 89' lang='lat' dir='ltr'><strong>A</strong></span> <span class='ocrx_word' id='word_1_2' title='bbox 579 144 620 187; x_wconf 93' lang='lat' dir='ltr'>D</span> <span class='ocrx_word' id='word_1_3' title='bbox 679 143 852 194; x_wconf 55' lang='lat' dir='ltr'><strong>ngEss„</strong></span> <span class='ocrx_word' id='word_1_4' title='bbox 874 141 955 186; x_wconf 48' lang='lat' dir='ltr'><strong>N„</strong></span> <span class='ocrx_word' id='word_1_5' title='bbox 974 141 1046 185; x_wconf 54' lang='lat' dir='ltr'><strong>D4</strong></span> <span class='ocrx_word' id='word_1_6' title='bbox 1073 138 1143 185; x_wconf 76' lang='lat' dir='ltr'><strong>A:</strong></span> <span class='ocrx_word' id='word_1_7' title='bbox 1436 138 1534 191; x_wconf 47' lang='lat'><strong>5:65&gt;</strong></span> 
     </span>
    </p>
   </div>
   <div class='ocr_carea' id='block_1_2' title="bbox 106 260 1547 2714">
    <p class='ocr_par' dir='ltr' id='par_1_2' title="bbox 132 260 1512 325">
     <span class='ocr_line' id='line_1_2' title="bbox 132 260 1512 325; baseline -0.005 -12"><span class='ocrx_word' id='word_1_8' title='bbox 132 309 150 314; x_wconf 19' lang='grc' dir='ltr'><strong>,Α</strong></span> <span class='ocrx_word' id='word_1_9' title='bbox 244 275 338 325; x_wconf 71' lang='grc'><strong>545.</strong></span> <span class='ocrx_word' id='word_1_10' title='bbox 396 270 551 314; x_wconf 84' lang='lat' dir='ltr'><strong>Musae</strong></span> <span class='ocrx_word' id='word_1_11' title='bbox 580 280 624 319; x_wconf 86' lang='lat' dir='ltr'><strong>et</strong></span> <span class='ocrx_word' id='word_1_12' title='bbox 645 266 811 323; x_wconf 80' lang='lat' dir='ltr'><strong>Apollo</strong></span> <span class='ocrx_word' id='word_1_13' title='bbox 829 266 880 308; x_wconf 80' lang='grc' dir='ltr'><strong>ΙΙ.</strong></span> <span class='ocrx_word' id='word_1_14' title='bbox 906 267 979 318; x_wconf 82' lang='grc' dir='ltr'><strong>Π,</strong></span> <span class='ocrx_word' id='word_1_15' title='bbox 1008 264 1106 307; x_wconf 78' lang='lat'><strong>484.</strong></span> <span class='ocrx_word' id='word_1_16' title='bbox 1139 260 1228 304; x_wconf 86' lang='lat' dir='ltr'><strong>Od.</strong></span> <span class='ocrx_word' id='word_1_17' title='bbox 1257 261 1394 316; x_wconf 89' lang='lat' dir='ltr'>VIII,</span> <span class='ocrx_word' id='word_1_18' title='bbox 1427 265 1512 319; x_wconf 77' lang='lat'><strong>62,</strong></span> 
     </span>
    </p>

    <p class='ocr_par' dir='ltr' id='par_1_3' title="bbox 119 322 1177 391">
     <span class='ocr_line' id='line_1_3' title="bbox 119 322 1177 391; baseline 0.027 -62"><span class='ocrx_word' id='word_1_19' title='bbox 119 322 127 384; x_wconf 35' lang='lat'><strong>¹.</strong></span> <span class='ocrx_word' id='word_1_20' title='bbox 206 325 211 330; x_wconf 86' lang='lat'><em>.</em></span> <span class='ocrx_word' id='word_1_21' title='bbox 250 322 334 387; x_wconf 66' lang='grc'><strong><em>7-5,</em></strong></span> <span class='ocrx_word' id='word_1_22' title='bbox 364 330 477 386; x_wconf 62' lang='lat'>471,</span> <span class='ocrx_word' id='word_1_23' title='bbox 507 327 603 384; x_wconf 53' lang='lat'><strong>4379</strong></span> <span class='ocrx_word' id='word_1_24' title='bbox 631 325 738 391; x_wconf 75' lang='grc' dir='ltr'><strong>οΧῙ,</strong></span> <span class='ocrx_word' id='word_1_25' title='bbox 771 327 866 380; x_wconf 78' lang='grc'><strong><em>567.</em></strong></span> <span class='ocrx_word' id='word_1_26' title='bbox 973 380 982 388; x_wconf 49' lang='grc'><em>·</em></span> <span class='ocrx_word' id='word_1_27' title='bbox 1173 356 1177 358; x_wconf 71' lang='grc'>,</span> 
     </span>
    </p>

    <p class='ocr_par' dir='ltr' id='par_1_4' title="bbox 106 377 1526 545">
     <span class='ocr_line' id='line_1_4' title="bbox 106 377 1516 448; baseline -0.005 -19"><span class='ocrx_word' id='word_1_28' title='bbox 106 390 155 437; x_wconf 82' lang='grc' dir='ltr'><strong>Ρ,</strong></span> <span class='ocrx_word' id='word_1_29' title='bbox 179 390 277 448; x_wconf 82' lang='lat'><strong>249.</strong></span> <span class='ocrx_word' id='word_1_30' title='bbox 305 397 418 430; x_wconf 80' lang='lat' dir='ltr'><strong>extr.</strong></span> <span class='ocrx_word' id='word_1_31' title='bbox 478 383 548 427; x_wconf 90' lang='lat' dir='ltr'><strong>Cf.</strong></span> <span class='ocrx_word' id='word_1_32' title='bbox 585 382 786 426; x_wconf 78' lang='lat' dir='ltr'><strong>Nitzsch.</strong></span> <span class='ocrx_word' id='word_1_33' title='bbox 831 379 889 422; x_wconf 83' lang='lat' dir='ltr'><strong>de</strong></span> <span class='ocrx_word' id='word_1_34' title='bbox 928 381 1039 422; x_wconf 71' lang='lat' dir='ltr'><strong>Hist.</strong></span> <span class='ocrx_word' id='word_1_35' title='bbox 1076 377 1205 419; x_wconf 88' lang='lat' dir='ltr'><strong>Hom.</strong></span> <span class='ocrx_word' id='word_1_36' title='bbox 1246 389 1330 420; x_wconf 85' lang='lat' dir='ltr'><strong>etc.</strong></span> <span class='ocrx_word' id='word_1_37' title='bbox 1359 391 1516 439; x_wconf 73' lang='lat' dir='ltr'>p.112</span> 
     </span>
     <span class='ocr_line' id='line_1_5' title="bbox 248 436 1522 502; baseline -0.008 -14"><span class='ocrx_word' id='word_1_38' title='bbox 248 461 342 502; x_wconf 88' lang='lat' dir='ltr'><strong>seq.</strong></span> <span class='ocrx_word' id='word_1_39' title='bbox 387 454 432 485; x_wconf 89' lang='lat' dir='ltr'><strong>et</strong></span> <span class='ocrx_word' id='word_1_40' title='bbox 471 444 551 486; x_wconf 76' lang='lat'><strong>158</strong></span> <span class='ocrx_word' id='word_1_41' title='bbox 576 456 688 497; x_wconf 52' lang='lat' dir='ltr'><strong>seq:v</strong></span> <span class='ocrx_word' id='word_1_42' title='bbox 727 440 796 483; x_wconf 74' lang='lat' dir='ltr'><strong>Ex</strong></span> <span class='ocrx_word' id='word_1_43' title='bbox 833 436 1135 480; x_wconf 73' lang='lat' dir='ltr'><strong>miscellaneis</strong></span> <span class='ocrx_word' id='word_1_44' title='bbox 1154 453 1191 484; x_wconf 84' lang='lat'><strong>,.·</strong></span> <span class='ocrx_word' id='word_1_45' title='bbox 1218 450 1330 491; x_wconf 83' lang='lat' dir='ltr'><strong>quae</strong></span> <span class='ocrx_word' id='word_1_46' title='bbox 1375 437 1522 479; x_wconf 66' lang='lat' dir='ltr'><strong>inve*-</strong></span> 
     </span>
     <span class='ocr_line' id='line_1_6' title="bbox 247 493 1526 545; baseline -0.009 -1"><span class='ocrx_word' id='word_1_47' title='bbox 247 501 437 545; x_wconf 74' lang='lat' dir='ltr'><strong>niuntur</strong></span> <span class='ocrx_word' id='word_1_48' title='bbox 474 500 525 541; x_wconf 86' lang='lat' dir='ltr'><strong>in</strong></span> <span class='ocrx_word' id='word_1_49' title='bbox 574 498 707 541; x_wconf 83' lang='lat' dir='ltr'><strong>Jahn.</strong></span> <span class='ocrx_word' id='word_1_50' title='bbox 751 495 908 537; x_wconf 85' lang='lat' dir='ltr'><strong>Jahrb.</strong></span> <span class='ocrx_word' id='word_1_51' title='bbox 945 505 1031 536; x_wconf 84' lang='lat' dir='ltr'><strong>ete.</strong></span> <span class='ocrx_word' id='word_1_52' title='bbox 1084 494 1214 535; x_wconf 88' lang='lat' dir='ltr'><strong>Tom.</strong></span> <span class='ocrx_word' id='word_1_53' title='bbox 1238 493 1360 535; x_wconf 83' lang='lat' dir='ltr'><strong>XIII.</strong></span> <span class='ocrx_word' id='word_1_54' title='bbox 1396 494 1447 535; x_wconf 83' lang='lat' dir='ltr'><strong>P.</strong></span> <span class='ocrx_word' id='word_1_55' title='bbox 1479 496 1526 538; x_wconf 60' lang='grc'><strong>5,</strong></span> 
     </span>
    </p>

    <p class='ocr_par' dir='ltr' id='par_1_5' title="bbox 204 547 1522 667">
     <span class='ocr_line' id='line_1_7' title="bbox 204 547 1522 617; baseline -0.002 -22"><span class='ocrx_word' id='word_1_56' title='bbox 204 547 207 551; x_wconf 55' lang='grc'><strong>’</strong></span> <span class='ocrx_word' id='word_1_57' title='bbox 246 575 292 617; x_wconf 78' lang='lat' dir='ltr'><strong>p,</strong></span> <span class='ocrx_word' id='word_1_58' title='bbox 317 560 414 602; x_wconf 82' lang='grc'><strong>565.</strong></span> <span class='ocrx_word' id='word_1_59' title='bbox 440 555 584 608; x_wconf 81' lang='lat' dir='ltr'><strong>haec²</strong></span> <span class='ocrx_word' id='word_1_60' title='bbox 607 553 917 596; x_wconf 86' lang='lat' dir='ltr'><strong>describimus.</strong></span> <span class='ocrx_word' id='word_1_61' title='bbox 974 571 997 596; x_wconf 75' lang='grc' dir='ltr'>κ</span> <span class='ocrx_word' id='word_1_62' title='bbox 1021 551 1135 595; x_wconf 81' lang='lat' dir='ltr'><strong>Wer</strong></span> <span class='ocrx_word' id='word_1_63' title='bbox 1162 548 1375 591; x_wconf 83' lang='lat' dir='ltr'><strong>erfahreu</strong></span> <span class='ocrx_word' id='word_1_64' title='bbox 1404 550 1522 605; x_wconf 83' lang='lat' dir='ltr'><strong>will,</strong></span> 
     </span>
     <span class='ocr_line' id='line_1_8' title="bbox 252 603 1520 667; baseline -0.006 -10"><span class='ocrx_word' id='word_1_65' title='bbox 252 615 354 657; x_wconf 90' lang='lat' dir='ltr'><strong>dass</strong></span> <span class='ocrx_word' id='word_1_66' title='bbox 383 603 473 656; x_wconf 37' lang='lat' dir='ltr'><strong>‘seit</strong></span> <span class='ocrx_word' id='word_1_67' title='bbox 503 615 587 657; x_wconf 82' lang='lat'><strong>500</strong></span> <span class='ocrx_word' id='word_1_68' title='bbox 611 611 772 667; x_wconf 85' lang='lat' dir='ltr'><strong>jahren</strong></span> <span class='ocrx_word' id='word_1_69' title='bbox 801 608 897 652; x_wconf 87' lang='lat' dir='ltr'><strong>und</strong></span> <span class='ocrx_word' id='word_1_70' title='bbox 925 608 1084 663; x_wconf 60' lang='lat' dir='ltr'><strong>langor</strong></span> <span class='ocrx_word' id='word_1_71' title='bbox 1111 606 1263 649; x_wconf 85' lang='lat' dir='ltr'><strong>weder</strong></span> <span class='ocrx_word' id='word_1_72' title='bbox 1294 607 1367 649; x_wconf 88' lang='lat' dir='ltr'><strong>die</strong></span> <span class='ocrx_word' id='word_1_73' title='bbox 1399 608 1520 650; x_wconf 84' lang='lat' dir='ltr'><strong>Phi-</strong></span> 
     </span>
    </p>

    <p class='ocr_par' dir='ltr' id='par_1_6' title="bbox 217 662 1520 726">
     <span class='ocr_line' id='line_1_9' title="bbox 217 662 1520 726; baseline -0.005 -12"><span class='ocrx_word' id='word_1_74' title='bbox 217 662 428 726; x_wconf 65' lang='lat' dir='ltr'><strong>·lolo‘gen</strong></span> <span class='ocrx_word' id='word_1_75' title='bbox 477 669 565 710; x_wconf 85' lang='lat' dir='ltr'><strong>den</strong></span> <span class='ocrx_word' id='word_1_76' title='bbox 611 668 800 719; x_wconf 82' lang='lat' dir='ltr'><strong>Homer,</strong></span> <span class='ocrx_word' id='word_1_77' title='bbox 850 667 1057 718; x_wconf 84' lang='lat' dir='ltr'><strong>Hesiod.‚</strong></span> <span class='ocrx_word' id='word_1_78' title='bbox 1102 664 1270 706; x_wconf 81' lang='lat' dir='ltr'><strong>Herod.</strong></span> <span class='ocrx_word' id='word_1_79' title='bbox 1300 681 1350 706; x_wconf 83' lang='lat' dir='ltr'><strong>¹u.</strong></span> <span class='ocrx_word' id='word_1_80' title='bbox 1382 681 1413 706; x_wconf 90' lang='lat' dir='ltr'><strong>s.</strong></span> <span class='ocrx_word' id='word_1_81' title='bbox 1440 680 1520 720; x_wconf 61' lang='grc' dir='ltr'><strong>π,</strong></span> 
     </span>
    </p>

    <p class='ocr_par' dir='ltr' id='par_1_7' title="bbox 195 717 1522 780">
     <span class='ocr_line' id='line_1_10' title="bbox 195 717 1522 780; baseline -0.004 -11"><span class='ocrx_word' id='word_1_82' title='bbox 195 717 199 726; x_wconf 73' lang='lat'>,</span> <span class='ocrx_word' id='word_1_83' title='bbox 237 719 378 774; x_wconf 57' lang='lat' dir='ltr'><strong>&#39;noch</strong></span> <span class='ocrx_word' id='word_1_84' title='bbox 403 727 477 768; x_wconf 88' lang='lat' dir='ltr'><strong>die</strong></span> <span class='ocrx_word' id='word_1_85' title='bbox 516 724 778 780; x_wconf 72' lang='lat' dir='ltr'><strong>Theologen</strong></span> <span class='ocrx_word' id='word_1_86' title='bbox 805 723 882 766; x_wconf 86' lang='lat' dir='ltr'><strong>das</strong></span> <span class='ocrx_word' id='word_1_87' title='bbox 928 721 1031 765; x_wconf 74' lang='lat' dir='ltr'><strong>Alte</strong></span> <span class='ocrx_word' id='word_1_88' title='bbox 1061 720 1156 762; x_wconf 84' lang='lat' dir='ltr'><strong>und</strong></span> <span class='ocrx_word' id='word_1_89' title='bbox 1196 722 1314 763; x_wconf 70' lang='lat' dir='ltr'><strong>Neue</strong></span> <span class='ocrx_word' id='word_1_90' title='bbox 1351 724 1522 764; x_wconf 85' lang='lat' dir='ltr'><strong>Testa-</strong></span> 
     </span>
    </p>

    <p class='ocr_par' dir='ltr' id='par_1_8' title="bbox 185 777 1526 832">
     <span class='ocr_line' id='line_1_11' title="bbox 185 777 1526 832; baseline -0.004 -4"><span class='ocrx_word' id='word_1_91' title='bbox 185 783 190 786; x_wconf 41' lang='lat'><em>*</em></span> <span class='ocrx_word' id='word_1_92' title='bbox 251 781 383 829; x_wconf 63' lang='lat' dir='ltr'><strong>ment</strong></span> <span class='ocrx_word' id='word_1_93' title='bbox 408 780 682 830; x_wconf 74' lang='lat' dir='ltr'><strong>verstauden</strong></span> <span class='ocrx_word' id='word_1_94' title='bbox 707 782 855 824; x_wconf 80' lang='lat' dir='ltr'><strong>haben</strong></span> <span class='ocrx_word' id='word_1_95' title='bbox 875 811 889 832; x_wconf 90' lang='lat'><em>‚</em></span> <span class='ocrx_word' id='word_1_96' title='bbox 921 778 1012 822; x_wconf 90' lang='lat' dir='ltr'><strong>den</strong></span> <span class='ocrx_word' id='word_1_97' title='bbox 1036 777 1150 822; x_wconf 86' lang='lat' dir='ltr'><strong>wird</strong></span> <span class='ocrx_word' id='word_1_98' title='bbox 1178 778 1317 820; x_wconf 78' lang='lat' dir='ltr'><strong>Karl.</strong></span> <span class='ocrx_word' id='word_1_99' title='bbox 1347 781 1526 822; x_wconf 67' lang='lat' dir='ltr'><strong>Claris-</strong></span> 
     </span>
    </p>

    <p class='ocr_par' dir='ltr' id='par_1_9' title="bbox 194 831 1538 1735">
     <span class='ocr_line' id='line_1_12' title="bbox 194 831 1529 892; baseline -0.003 -8"><span class='ocrx_word' id='word_1_100' title='bbox 194 840 215 844; x_wconf 54' lang='grc'><strong><em>”</em></strong></span> <span class='ocrx_word' id='word_1_101' title='bbox 242 831 393 885; x_wconf 34' lang='lat' dir='ltr'><strong>&amp;taff</strong></span> <span class='ocrx_word' id='word_1_102' title='bbox 429 832 522 881; x_wconf 71' lang='grc' dir='ltr'><strong>ὓοη</strong></span> <span class='ocrx_word' id='word_1_103' title='bbox 573 837 788 879; x_wconf 66' lang='lat' dir='ltr'><strong>Leutsclz</strong></span> <span class='ocrx_word' id='word_1_104' title='bbox 836 835 884 877; x_wconf 91' lang='lat' dir='ltr'><strong>in</strong></span> <span class='ocrx_word' id='word_1_105' title='bbox 929 836 1079 878; x_wconf 74' lang='lat' dir='ltr'><strong>seiner</strong></span> <span class='ocrx_word' id='word_1_106' title='bbox 1126 835 1402 892; x_wconf 64' lang='lat' dir='ltr'><strong>Aulez&#39;tzmg</strong></span> <span class='ocrx_word' id='word_1_107' title='bbox 1437 853 1529 880; x_wconf 73' lang='lat' dir='ltr'><strong>zar</strong></span> 
     </span>
     <span class='ocr_line' id='line_1_13' title="bbox 252 893 1526 955; baseline -0.006 -13"><span class='ocrx_word' id='word_1_108' title='bbox 252 899 548 951; x_wconf 69' lang='lat' dir='ltr'><strong>Auslegzmg</strong></span> <span class='ocrx_word' id='word_1_109' title='bbox 564 894 650 934; x_wconf 83' lang='lat' dir='ltr'><strong>der</strong></span> <span class='ocrx_word' id='word_1_110' title='bbox 678 893 870 934; x_wconf 77' lang='lat' dir='ltr'><strong>Grieclz.</strong></span> <span class='ocrx_word' id='word_1_111' title='bbox 892 908 938 933; x_wconf 75' lang='grc' dir='ltr'><strong>ιι.</strong></span> <span class='ocrx_word' id='word_1_112' title='bbox 962 893 1103 933; x_wconf 73' lang='grc' dir='ltr'><em>Ιίϋνη.</em></span> <span class='ocrx_word' id='word_1_113' title='bbox 1130 893 1330 948; x_wconf 58' lang='grc' dir='ltr'><em>Μγίᾶεη</em></span> <span class='ocrx_word' id='word_1_114' title='bbox 1359 894 1526 955; x_wconf 88' lang='lat' dir='ltr'><strong>(Leip-</strong></span> 
     </span>
     <span class='ocr_line' id='line_1_14' title="bbox 253 942 1531 1008; baseline -0.002 -12"><span class='ocrx_word' id='word_1_115' title='bbox 253 956 335 1008; x_wconf 87' lang='lat' dir='ltr'><strong>zig.</strong></span> <span class='ocrx_word' id='word_1_116' title='bbox 359 953 403 993; x_wconf 89' lang='lat' dir='ltr'><strong>h.</strong></span> <span class='ocrx_word' id='word_1_117' title='bbox 427 942 565 1005; x_wconf 85' lang='lat' dir='ltr'><strong>Serig.</strong></span> <span class='ocrx_word' id='word_1_118' title='bbox 591 949 732 999; x_wconf 80' lang='lat'>1328.)</span> <span class='ocrx_word' id='word_1_119' title='bbox 755 947 954 992; x_wconf 80' lang='lat' dir='ltr'><strong>dariiber</strong></span> <span class='ocrx_word' id='word_1_120' title='bbox 973 948 1206 990; x_wconf 85' lang='lat' dir='ltr'><strong>belehren·</strong></span> <span class='ocrx_word' id='word_1_121' title='bbox 1266 951 1382 992; x_wconf 83' lang='lat' dir='ltr'><strong>Dort</strong></span> <span class='ocrx_word' id='word_1_122' title='bbox 1407 951 1531 994; x_wconf 84' lang='lat' dir='ltr'><strong>kann</strong></span> 
     </span>
     <span class='ocr_line' id='line_1_15' title="bbox 254 1005 1528 1062; baseline -0.002 -9"><span class='ocrx_word' id='word_1_123' title='bbox 254 1025 360 1053; x_wconf 88' lang='lat' dir='ltr'><strong>man</strong></span> <span class='ocrx_word' id='word_1_124' title='bbox 384 1007 599 1062; x_wconf 76' lang='lat' dir='ltr'><strong>iibrigens</strong></span> <span class='ocrx_word' id='word_1_125' title='bbox 626 1005 746 1047; x_wconf 87' lang='lat' dir='ltr'><strong>noch</strong></span> <span class='ocrx_word' id='word_1_126' title='bbox 781 1005 916 1048; x_wconf 83' lang='lat' dir='ltr'><strong>vieles</strong></span> <span class='ocrx_word' id='word_1_127' title='bbox 957 1006 1149 1047; x_wconf 84' lang='lat' dir='ltr'>anderes</span> <span class='ocrx_word' id='word_1_128' title='bbox 1181 1005 1374 1050; x_wconf 84' lang='lat' dir='ltr'><strong>lernen:</strong></span> <span class='ocrx_word' id='word_1_129' title='bbox 1412 1024 1450 1049; x_wconf 90' lang='lat' dir='ltr'><strong>z.</strong></span> <span class='ocrx_word' id='word_1_130' title='bbox 1478 1009 1528 1051; x_wconf 90' lang='lat' dir='ltr'><strong>b.</strong></span> 
     </span>
     <span class='ocr_line' id='line_1_16' title="bbox 259 1062 1531 1118; baseline 0 -10"><span class='ocrx_word' id='word_1_131' title='bbox 259 1067 364 1108; x_wconf 89' lang='lat' dir='ltr'><strong>dass</strong></span> <span class='ocrx_word' id='word_1_132' title='bbox 397 1063 526 1106; x_wconf 87' lang='lat' dir='ltr'><strong>Hebe</strong></span> <span class='ocrx_word' id='word_1_133' title='bbox 549 1062 622 1105; x_wconf 88' lang='lat' dir='ltr'><strong>die</strong></span> <span class='ocrx_word' id='word_1_134' title='bbox 644 1063 765 1104; x_wconf 80' lang='lat' dir='ltr'><strong>Heva</strong></span> <span class='ocrx_word' id='word_1_135' title='bbox 798 1063 911 1105; x_wconf 88' lang='lat' dir='ltr'><strong>oder</strong></span> <span class='ocrx_word' id='word_1_136' title='bbox 938 1062 1060 1115; x_wconf 90' lang='lat' dir='ltr'><strong>Eva,</strong></span> <span class='ocrx_word' id='word_1_137' title='bbox 1093 1065 1402 1118; x_wconf 76' lang='lat' dir='ltr'><strong>Agamemnon</strong></span> <span class='ocrx_word' id='word_1_138' title='bbox 1432 1065 1531 1108; x_wconf 84' lang='lat' dir='ltr'><strong>und</strong></span> 
     </span>
     <span class='ocr_line' id='line_1_17' title="bbox 257 1119 1533 1167; baseline 0 -3"><span class='ocrx_word' id='word_1_139' title='bbox 257 1120 493 1167; x_wconf 83' lang='lat' dir='ltr'><strong>Menelaus</strong></span> <span class='ocrx_word' id='word_1_140' title='bbox 541 1119 626 1161; x_wconf 86' lang='lat' dir='ltr'><strong>der</strong></span> <span class='ocrx_word' id='word_1_141' title='bbox 675 1121 890 1162; x_wconf 83' lang='lat' dir='ltr'><strong>Memnon</strong></span> <span class='ocrx_word' id='word_1_142' title='bbox 929 1119 1024 1161; x_wconf 88' lang='lat' dir='ltr'><strong>und</strong></span> <span class='ocrx_word' id='word_1_143' title='bbox 1056 1120 1214 1162; x_wconf 68' lang='lat' dir='ltr'><strong>Menes</strong></span> <span class='ocrx_word' id='word_1_144' title='bbox 1251 1122 1387 1166; x_wconf 84' lang='lat' dir='ltr'><strong>sind:</strong></span> <span class='ocrx_word' id='word_1_145' title='bbox 1423 1124 1533 1165; x_wconf 86' lang='lat' dir='ltr'><strong>aber</strong></span> 
     </span>
     <span class='ocr_line' id='line_1_18' title="bbox 262 1176 1532 1238; baseline 0 -18"><span class='ocrx_word' id='word_1_146' title='bbox 262 1195 375 1235; x_wconf 83' lang='lat' dir='ltr'><strong>ganz</strong></span> <span class='ocrx_word' id='word_1_147' title='bbox 405 1177 684 1228; x_wconf 83' lang='lat' dir='ltr'><strong>besonders‚</strong></span> <span class='ocrx_word' id='word_1_148' title='bbox 718 1177 820 1217; x_wconf 86' lang='lat' dir='ltr'><strong>dass</strong></span> <span class='ocrx_word' id='word_1_149' title='bbox 841 1176 912 1218; x_wconf 87' lang='lat' dir='ltr'><strong>die</strong></span> <span class='ocrx_word' id='word_1_150' title='bbox 943 1176 1041 1218; x_wconf 75' lang='lat' dir='ltr'><strong>ilias</strong></span> <span class='ocrx_word' id='word_1_151' title='bbox 1071 1176 1167 1218; x_wconf 82' lang='lat' dir='ltr'><strong>und</strong></span> <span class='ocrx_word' id='word_1_152' title='bbox 1195 1177 1397 1238; x_wconf 67' lang='lat' dir='ltr'><strong>Odyssee</strong></span> <span class='ocrx_word' id='word_1_153' title='bbox 1422 1181 1532 1224; x_wconf 87' lang='lat' dir='ltr'><strong>zwei</strong></span> 
     </span>
     <span class='ocr_line' id='line_1_19' title="bbox 261 1233 1532 1292; baseline 0.001 -13"><span class='ocrx_word' id='word_1_154' title='bbox 261 1250 412 1292; x_wconf 79' lang='lat' dir='ltr'><strong>grosse</strong></span> <span class='ocrx_word' id='word_1_155' title='bbox 437 1235 598 1276; x_wconf 86' lang='lat' dir='ltr'><strong>Duetts</strong></span> <span class='ocrx_word' id='word_1_156' title='bbox 619 1234 737 1275; x_wconf 89' lang='lat' dir='ltr'><strong>siud.</strong></span> <span class='ocrx_word' id='word_1_157' title='bbox 795 1235 1053 1276; x_wconf 66' lang='lat' dir='ltr'>Pisistratus</span> <span class='ocrx_word' id='word_1_158' title='bbox 1078 1233 1174 1275; x_wconf 89' lang='lat' dir='ltr'><strong>und</strong></span> <span class='ocrx_word' id='word_1_159' title='bbox 1202 1238 1326 1280; x_wconf 91' lang='lat' dir='ltr'><strong>seine</strong></span> <span class='ocrx_word' id='word_1_160' title='bbox 1346 1237 1532 1279; x_wconf 79' lang='lat' dir='ltr'><strong>Frena-</strong></span> 
     </span>
     <span class='ocr_line' id='line_1_20' title="bbox 258 1289 1535 1345; baseline 0.001 -9"><span class='ocrx_word' id='word_1_161' title='bbox 258 1294 319 1336; x_wconf 91' lang='lat' dir='ltr'><strong>de</strong></span> <span class='ocrx_word' id='word_1_162' title='bbox 367 1290 568 1335; x_wconf 76' lang='lat' dir='ltr'><strong>n&#39;amlich</strong></span> <span class='ocrx_word' id='word_1_163' title='bbox 616 1289 807 1334; x_wconf 88' lang='lat' dir='ltr'><strong>theilten</strong></span> <span class='ocrx_word' id='word_1_164' title='bbox 850 1293 942 1345; x_wconf 89' lang='lat' dir='ltr'><strong>sie,</strong></span> <span class='ocrx_word' id='word_1_165' title='bbox 983 1307 1114 1334; x_wconf 87' lang='lat' dir='ltr'><strong>wenn</strong></span> <span class='ocrx_word' id='word_1_166' title='bbox 1157 1293 1218 1334; x_wconf 87' lang='lat' dir='ltr'><strong>sie</strong></span> <span class='ocrx_word' id='word_1_167' title='bbox 1252 1310 1328 1337; x_wconf 91' lang='lat' dir='ltr'><strong>aus</strong></span> <span class='ocrx_word' id='word_1_168' title='bbox 1377 1294 1535 1337; x_wconf 87' lang='lat' dir='ltr'><strong>diesen</strong></span> 
     </span>
     <span class='ocr_line' id='line_1_21' title="bbox 262 1347 1533 1407; baseline 0.003 -16"><span class='ocrx_word' id='word_1_169' title='bbox 262 1348 526 1396; x_wconf 85' lang='lat' dir='ltr'><strong>Gedichten</strong></span> <span class='ocrx_word' id='word_1_170' title='bbox 555 1348 713 1404; x_wconf 82' lang='lat' dir='ltr'><strong>singen</strong></span> <span class='ocrx_word' id='word_1_171' title='bbox 749 1347 957 1394; x_wconf 78' lang='lat' dir='ltr'><strong>wollten.</strong></span> <span class='ocrx_word' id='word_1_172' title='bbox 989 1349 1038 1390; x_wconf 92' lang='lat' dir='ltr'><strong>in</strong></span> <span class='ocrx_word' id='word_1_173' title='bbox 1086 1365 1207 1407; x_wconf 78' lang='lat' dir='ltr'><strong>zwey</strong></span> <span class='ocrx_word' id='word_1_174' title='bbox 1247 1351 1533 1394; x_wconf 85' lang='lat' dir='ltr'><strong>Abtheilun-</strong></span> 
     </span>
     <span class='ocr_line' id='line_1_22' title="bbox 262 1404 1536 1465; baseline 0.004 -17"><span class='ocrx_word' id='word_1_175' title='bbox 262 1423 382 1464; x_wconf 86' lang='lat' dir='ltr'><strong>gen,</strong></span> <span class='ocrx_word' id='word_1_176' title='bbox 427 1406 477 1449; x_wconf 91' lang='lat' dir='ltr'><strong>in</strong></span> <span class='ocrx_word' id='word_1_177' title='bbox 514 1406 748 1450; x_wconf 88' lang='lat' dir='ltr'><strong>Griechen</strong></span> <span class='ocrx_word' id='word_1_178' title='bbox 793 1404 890 1446; x_wconf 86' lang='lat' dir='ltr'><strong>und</strong></span> <span class='ocrx_word' id='word_1_179' title='bbox 935 1407 1192 1461; x_wconf 80' lang='lat' dir='ltr'><strong>Trojaner,</strong></span> <span class='ocrx_word' id='word_1_180' title='bbox 1242 1408 1339 1450; x_wconf 87' lang='lat' dir='ltr'><strong>und</strong></span> <span class='ocrx_word' id='word_1_181' title='bbox 1367 1426 1536 1465; x_wconf 87' lang='lat' dir='ltr'><strong>sangen</strong></span> 
     </span>
     <span class='ocr_line' id='line_1_23' title="bbox 263 1461 1538 1510; baseline 0.002 -3"><span class='ocrx_word' id='word_1_182' title='bbox 263 1465 343 1507; x_wconf 90' lang='lat' dir='ltr'><strong>die</strong></span> <span class='ocrx_word' id='word_1_183' title='bbox 387 1464 530 1507; x_wconf 85' lang='lat' dir='ltr'><strong>Verse</strong></span> <span class='ocrx_word' id='word_1_184' title='bbox 587 1461 925 1506; x_wconf 83' lang='lat' dir='ltr'><strong>wechselweise.</strong></span> <span class='ocrx_word' id='word_1_185' title='bbox 1002 1465 1153 1505; x_wconf 75' lang='lat' dir='ltr'><strong>Daher</strong></span> <span class='ocrx_word' id='word_1_186' title='bbox 1203 1463 1395 1510; x_wconf 86' lang='lat' dir='ltr'><strong>kommts</strong></span> <span class='ocrx_word' id='word_1_187' title='bbox 1437 1468 1538 1510; x_wconf 85' lang='lat' dir='ltr'><strong>dass</strong></span> 
     </span>
     <span class='ocr_line' id='line_1_24' title="bbox 265 1519 1534 1577; baseline 0.001 -13"><span class='ocrx_word' id='word_1_188' title='bbox 265 1521 366 1564; x_wconf 87' lang='lat' dir='ltr'><strong>sich</strong></span> <span class='ocrx_word' id='word_1_189' title='bbox 391 1521 453 1563; x_wconf 87' lang='lat' dir='ltr'><strong>im</strong></span> <span class='ocrx_word' id='word_1_190' title='bbox 486 1521 654 1563; x_wconf 90' lang='lat' dir='ltr'><strong>Homer</strong></span> <span class='ocrx_word' id='word_1_191' title='bbox 693 1536 741 1562; x_wconf 91' lang='lat' dir='ltr'><strong>so</strong></span> <span class='ocrx_word' id='word_1_192' title='bbox 773 1519 839 1562; x_wconf 88' lang='lat' dir='ltr'><strong>ost</strong></span> <span class='ocrx_word' id='word_1_193' title='bbox 875 1519 978 1561; x_wconf 82' lang='lat' dir='ltr'><strong>Satz</strong></span> <span class='ocrx_word' id='word_1_194' title='bbox 1011 1519 1107 1561; x_wconf 81' lang='lat' dir='ltr'><strong>und</strong></span> <span class='ocrx_word' id='word_1_195' title='bbox 1153 1521 1405 1577; x_wconf 83' lang='lat' dir='ltr'><strong>Gegensatz</strong></span> <span class='ocrx_word' id='word_1_196' title='bbox 1440 1524 1534 1565; x_wconf 81' lang='lat' dir='ltr'><strong>fin-</strong></span> 
     </span>
     <span class='ocr_line' id='line_1_25' title="bbox 261 1576 1538 1634; baseline 0.002 -13"><span class='ocrx_word' id='word_1_197' title='bbox 261 1579 366 1621; x_wconf 89' lang='lat' dir='ltr'><strong>den.</strong></span> <span class='ocrx_word' id='word_1_198' title='bbox 425 1579 520 1620; x_wconf 89' lang='lat' dir='ltr'><strong>Der</strong></span> <span class='ocrx_word' id='word_1_199' title='bbox 555 1579 740 1633; x_wconf 76' lang='lat' dir='ltr'><strong>Aniang</strong></span> <span class='ocrx_word' id='word_1_200' title='bbox 776 1576 860 1619; x_wconf 87' lang='lat' dir='ltr'><strong>der</strong></span> <span class='ocrx_word' id='word_1_201' title='bbox 900 1576 1100 1634; x_wconf 70' lang='lat' dir='ltr'><strong>Odyssee</strong></span> <span class='ocrx_word' id='word_1_202' title='bbox 1133 1580 1190 1620; x_wconf 90' lang='lat' dir='ltr'><strong>ist</strong></span> <span class='ocrx_word' id='word_1_203' title='bbox 1234 1582 1330 1622; x_wconf 85' lang='lat' dir='ltr'><strong>hier</strong></span> <span class='ocrx_word' id='word_1_204' title='bbox 1370 1580 1538 1624; x_wconf 86' lang='lat' dir='ltr'><strong>wieder</strong></span> 
     </span>
     <span class='ocr_line' id='line_1_26' title="bbox 268 1633 1538 1689; baseline 0.002 -12"><span class='ocrx_word' id='word_1_205' title='bbox 268 1637 373 1678; x_wconf 88' lang='lat' dir='ltr'><strong>z&#39;um</strong></span> <span class='ocrx_word' id='word_1_206' title='bbox 404 1636 542 1677; x_wconf 90' lang='lat' dir='ltr'><strong>Duett</strong></span> <span class='ocrx_word' id='word_1_207' title='bbox 583 1634 915 1689; x_wconf 81' lang='lat' dir='ltr'><strong>eingerichtet,</strong></span> <span class='ocrx_word' id='word_1_208' title='bbox 964 1633 1060 1676; x_wconf 87' lang='lat' dir='ltr'><strong>und</strong></span> <span class='ocrx_word' id='word_1_209' title='bbox 1103 1650 1148 1677; x_wconf 92' lang='lat' dir='ltr'><strong>es</strong></span> <span class='ocrx_word' id='word_1_210' title='bbox 1199 1636 1316 1680; x_wconf 86' lang='lat' dir='ltr'><strong>fehlt</strong></span> <span class='ocrx_word' id='word_1_211' title='bbox 1349 1654 1437 1681; x_wconf 82' lang='lat' dir='ltr'><strong>nur</strong></span> <span class='ocrx_word' id='word_1_212' title='bbox 1465 1638 1538 1680; x_wconf 88' lang='lat' dir='ltr'><strong>die</strong></span> 
     </span>
     <span class='ocr_line' id='line_1_27' title="bbox 262 1689 624 1735; baseline -0.011 0"><span class='ocrx_word' id='word_1_213' title='bbox 262 1691 418 1735; x_wconf 87' lang='lat' dir='ltr'><strong>Musik</strong></span> <span class='ocrx_word' id='word_1_214' title='bbox 448 1689 624 1732; x_wconf 89' lang='lat' dir='ltr'><strong>dazu.&#39;’</strong></span> 
     </span>
    </p>

    <p class='ocr_par' dir='ltr' id='par_1_10' title="bbox 132 1746 1542 2155">
     <span class='ocr_line' id='line_1_28' title="bbox 132 1746 1541 1812; baseline 0.004 -23"><span class='ocrx_word' id='word_1_215' title='bbox 132 1751 180 1798; x_wconf 89' lang='lat' dir='ltr'><strong>P.</strong></span> <span class='ocrx_word' id='word_1_216' title='bbox 207 1750 303 1801; x_wconf 80' lang='lat'>250.</span> <span class='ocrx_word' id='word_1_217' title='bbox 333 1752 426 1803; x_wconf 54' lang='lat'><strong>§.4</strong></span> <span class='ocrx_word' id='word_1_218' title='bbox 500 1747 548 1791; x_wconf 87' lang='lat' dir='ltr'><strong>Si</strong></span> <span class='ocrx_word' id='word_1_219' title='bbox 597 1746 857 1790; x_wconf 81' lang='lat' dir='ltr'><strong>facultatem</strong></span> <span class='ocrx_word' id='word_1_220' title='bbox 909 1750 1166 1805; x_wconf 82' lang='lat' dir='ltr'><strong>quaerimus</strong></span> <span class='ocrx_word' id='word_1_221' title='bbox 1220 1767 1375 1795; x_wconf 88' lang='lat' dir='ltr'><strong>eorum</strong></span> <span class='ocrx_word' id='word_1_222' title='bbox 1401 1784 1415 1805; x_wconf 96' lang='lat'><strong><em>‚</em></strong></span> <span class='ocrx_word' id='word_1_223' title='bbox 1460 1752 1541 1812; x_wconf 86' lang='lat' dir='ltr'><strong>qui</strong></span> 
     </span>
     <span class='ocr_line' id='line_1_29' title="bbox 267 1801 1540 1866; baseline 0.004 -18"><span class='ocrx_word' id='word_1_224' title='bbox 267 1803 540 1862; x_wconf 83' lang='lat' dir='ltr'><strong>rhapsodiae</strong></span> <span class='ocrx_word' id='word_1_225' title='bbox 570 1819 754 1862; x_wconf 84' lang='lat' dir='ltr'><strong>operam</strong></span> <span class='ocrx_word' id='word_1_226' title='bbox 783 1801 1026 1859; x_wconf 81' lang='lat' dir='ltr'><strong>dederint,</strong></span> <span class='ocrx_word' id='word_1_227' title='bbox 1058 1810 1308 1866; x_wconf 82' lang='lat' dir='ltr'><strong>reperimus</strong></span> <span class='ocrx_word' id='word_1_228' title='bbox 1347 1809 1457 1852; x_wconf 89' lang='lat' dir='ltr'><strong>inde</strong></span> <span class='ocrx_word' id='word_1_229' title='bbox 1483 1812 1540 1853; x_wconf 88' lang='lat' dir='ltr'><strong>ab</strong></span> 
     </span>
     <span class='ocr_line' id='line_1_30' title="bbox 264 1862 1538 1924; baseline 0.003 -20"><span class='ocrx_word' id='word_1_230' title='bbox 264 1864 364 1922; x_wconf 90' lang='lat' dir='ltr'><strong>ipso</strong></span> <span class='ocrx_word' id='word_1_231' title='bbox 394 1862 590 1904; x_wconf 86' lang='lat' dir='ltr'><strong>Homero</strong></span> <span class='ocrx_word' id='word_1_232' title='bbox 616 1873 660 1903; x_wconf 89' lang='lat' dir='ltr'><strong>et</strong></span> <span class='ocrx_word' id='word_1_233' title='bbox 686 1862 782 1915; x_wconf 82' lang='lat' dir='ltr'><strong>ejus</strong></span> <span class='ocrx_word' id='word_1_234' title='bbox 817 1862 1002 1904; x_wconf 82' lang='lat' dir='ltr'><strong>Phemio</strong></span> <span class='ocrx_word' id='word_1_235' title='bbox 1022 1896 1034 1914; x_wconf 92' lang='lat'>‚</span> <span class='ocrx_word' id='word_1_236' title='bbox 1064 1866 1144 1923; x_wconf 89' lang='lat' dir='ltr'><strong>qui</strong></span> <span class='ocrx_word' id='word_1_237' title='bbox 1182 1882 1228 1909; x_wconf 89' lang='lat' dir='ltr'><strong>se</strong></span> <span class='ocrx_word' id='word_1_238' title='bbox 1272 1867 1422 1924; x_wconf 89' lang='lat' dir='ltr'><strong>ipsum</strong></span> <span class='ocrx_word' id='word_1_239' title='bbox 1456 1884 1538 1910; x_wconf 83' lang='lat' dir='ltr'><strong>su-</strong></span> 
     </span>
     <span class='ocr_line' id='line_1_31' title="bbox 273 1917 1540 1982; baseline 0.006 -21"><span class='ocrx_word' id='word_1_240' title='bbox 273 1929 380 1980; x_wconf 87' lang='lat' dir='ltr'><strong>opte</strong></span> <span class='ocrx_word' id='word_1_241' title='bbox 414 1919 597 1974; x_wconf 84' lang='lat' dir='ltr'><strong>ingenio</strong></span> <span class='ocrx_word' id='word_1_242' title='bbox 633 1917 832 1960; x_wconf 78' lang='lat' dir='ltr'><strong>carmina</strong></span> <span class='ocrx_word' id='word_1_243' title='bbox 876 1919 1045 1974; x_wconf 78' lang='lat' dir='ltr'><strong>lingere</strong></span> <span class='ocrx_word' id='word_1_244' title='bbox 1079 1939 1190 1982; x_wconf 77' lang='lat' dir='ltr'><strong>prae</strong></span> <span class='ocrx_word' id='word_1_245' title='bbox 1230 1940 1277 1966; x_wconf 88' lang='lat' dir='ltr'><strong>se</strong></span> <span class='ocrx_word' id='word_1_246' title='bbox 1322 1925 1413 1968; x_wconf 78' lang='lat' dir='ltr'><strong>fert</strong></span> <span class='ocrx_word' id='word_1_247' title='bbox 1446 1923 1540 1969; x_wconf 79' lang='lat' dir='ltr'><strong>Od-</strong></span> 
     </span>
     <span class='ocr_line' id='line_1_32' title="bbox 266 1973 1541 2031; baseline 0.002 -10"><span class='ocrx_word' id='word_1_248' title='bbox 266 1978 339 2026; x_wconf 77' lang='lat' dir='ltr'><strong>X,</strong></span> <span class='ocrx_word' id='word_1_249' title='bbox 375 1976 505 2031; x_wconf 50' lang='lat'>5422,</span> <span class='ocrx_word' id='word_1_250' title='bbox 540 1974 646 2017; x_wconf 88' lang='lat' dir='ltr'><strong>alios</strong></span> <span class='ocrx_word' id='word_1_251' title='bbox 683 1992 784 2026; x_wconf 82' lang='lat' dir='ltr'><strong>sua,</strong></span> <span class='ocrx_word' id='word_1_252' title='bbox 818 1973 926 2019; x_wconf 78' lang='lat' dir='ltr'><strong>alios</strong></span> <span class='ocrx_word' id='word_1_253' title='bbox 957 1979 1146 2021; x_wconf 79' lang='lat' dir='ltr'><strong>aliorum</strong></span> <span class='ocrx_word' id='word_1_254' title='bbox 1175 1982 1375 2023; x_wconf 87' lang='lat' dir='ltr'><strong>carmina</strong></span> <span class='ocrx_word' id='word_1_255' title='bbox 1405 1983 1541 2025; x_wconf 78' lang='lat' dir='ltr'><strong>exhi·</strong></span> 
     </span>
     <span class='ocr_line' id='line_1_33' title="bbox 267 2033 1542 2094; baseline 0.005 -20"><span class='ocrx_word' id='word_1_256' title='bbox 267 2033 448 2082; x_wconf 70' lang='lat' dir='ltr'><strong>baisse,</strong></span> <span class='ocrx_word' id='word_1_257' title='bbox 481 2047 536 2074; x_wconf 78' lang='lat' dir='ltr'><strong>ex</strong></span> <span class='ocrx_word' id='word_1_258' title='bbox 565 2033 731 2090; x_wconf 84' lang='lat' dir='ltr'><strong>quibus</strong></span> <span class='ocrx_word' id='word_1_259' title='bbox 763 2043 906 2075; x_wconf 77' lang='lat' dir='ltr'><strong>tamen</strong></span> <span class='ocrx_word' id='word_1_260' title='bbox 949 2034 1014 2076; x_wconf 89' lang='lat' dir='ltr'><strong>illi</strong></span> <span class='ocrx_word' id='word_1_261' title='bbox 1043 2053 1225 2094; x_wconf 73' lang='lat' dir='ltr'><strong>quoque</strong></span> <span class='ocrx_word' id='word_1_262' title='bbox 1260 2040 1383 2094; x_wconf 81' lang='lat' dir='ltr'><strong>prius</strong></span> <span class='ocrx_word' id='word_1_263' title='bbox 1424 2039 1542 2081; x_wconf 85' lang='lat' dir='ltr'><strong>alio-</strong></span> 
     </span>
     <span class='ocr_line' id='line_1_34' title="bbox 266 2089 1542 2155; baseline 0.006 -24"><span class='ocrx_word' id='word_1_264' title='bbox 266 2106 369 2132; x_wconf 82' lang='lat' dir='ltr'><strong>rum</strong></span> <span class='ocrx_word' id='word_1_265' title='bbox 395 2105 548 2131; x_wconf 87' lang='lat' dir='ltr'><strong>versus</strong></span> <span class='ocrx_word' id='word_1_266' title='bbox 576 2089 788 2131; x_wconf 81' lang='lat' dir='ltr'><strong>didicisse</strong></span> <span class='ocrx_word' id='word_1_267' title='bbox 807 2121 819 2143; x_wconf 73' lang='lat'>,</span> <span class='ocrx_word' id='word_1_268' title='bbox 850 2107 985 2147; x_wconf 73' lang='lat' dir='ltr'><strong>quam</strong></span> <span class='ocrx_word' id='word_1_269' title='bbox 1008 2096 1097 2150; x_wconf 59' lang='lat' dir='ltr'><strong>ipsi</strong></span> <span class='ocrx_word' id='word_1_270' title='bbox 1126 2094 1378 2155; x_wconf 60' lang='lat' dir='ltr'><strong>quidquam</strong></span> <span class='ocrx_word' id='word_1_271' title='bbox 1412 2113 1542 2139; x_wconf 87' lang='lat' dir='ltr'><strong>com-</strong></span> 
     </span>
    </p>

    <p class='ocr_par' dir='ltr' id='par_1_11' title="bbox 194 2147 1544 2439">
     <span class='ocr_line' id='line_1_35' title="bbox 194 2147 1544 2205; baseline 0.007 -18"><span class='ocrx_word' id='word_1_272' title='bbox 194 2168 205 2173; x_wconf 96' lang='lat'><em>-</em></span> <span class='ocrx_word' id='word_1_273' title='bbox 272 2158 528 2205; x_wconf 82' lang='lat' dir='ltr'><strong>ponerent,</strong></span> <span class='ocrx_word' id='word_1_274' title='bbox 558 2147 754 2201; x_wconf 72' lang='lat' dir='ltr'><strong>putandi</strong></span> <span class='ocrx_word' id='word_1_275' title='bbox 778 2159 893 2188; x_wconf 85' lang='lat' dir='ltr'><strong>sunt.</strong></span> <span class='ocrx_word' id='word_1_276' title='bbox 955 2150 1050 2202; x_wconf 89' lang='lat' dir='ltr'><strong>Ita,</strong></span> <span class='ocrx_word' id='word_1_277' title='bbox 1085 2153 1119 2193; x_wconf 88' lang='lat' dir='ltr'><strong>si</strong></span> <span class='ocrx_word' id='word_1_278' title='bbox 1146 2157 1437 2205; x_wconf 77' lang='lat' dir='ltr'><strong>conjecturae</strong></span> <span class='ocrx_word' id='word_1_279' title='bbox 1465 2154 1511 2195; x_wconf 91' lang='lat' dir='ltr'><strong>lo</strong></span> <span class='ocrx_word' id='word_1_280' title='bbox 1531 2180 1544 2187; x_wconf 89' lang='lat'><em>-</em></span> 
     </span>
     <span class='ocr_line' id='line_1_36' title="bbox 273 2204 1543 2264; baseline 0.005 -18"><span class='ocrx_word' id='word_1_281' title='bbox 273 2220 350 2246; x_wconf 81' lang='lat' dir='ltr'><strong>eus</strong></span> <span class='ocrx_word' id='word_1_282' title='bbox 370 2214 464 2254; x_wconf 88' lang='lat' dir='ltr'><strong>est,</strong></span> <span class='ocrx_word' id='word_1_283' title='bbox 499 2205 728 2262; x_wconf 67' lang='lat' dir='ltr'><strong>Odysseae</strong></span> <span class='ocrx_word' id='word_1_284' title='bbox 755 2211 889 2264; x_wconf 70' lang='lat' dir='ltr'><strong>poeta</strong></span> <span class='ocrx_word' id='word_1_285' title='bbox 916 2204 1103 2250; x_wconf 85' lang='lat' dir='ltr'><strong>Iliadem</strong></span> <span class='ocrx_word' id='word_1_286' title='bbox 1138 2209 1328 2254; x_wconf 85' lang='lat' dir='ltr'><strong>didicit:</strong></span> <span class='ocrx_word' id='word_1_287' title='bbox 1364 2223 1543 2253; x_wconf 80' lang='lat' dir='ltr'><strong>utram-</strong></span> 
     </span>
     <span class='ocr_line' id='line_1_37' title="bbox 272 2263 1544 2318; baseline 0.006 -16"><span class='ocrx_word' id='word_1_288' title='bbox 272 2276 389 2318; x_wconf 88' lang='lat' dir='ltr'><strong>que,</strong></span> <span class='ocrx_word' id='word_1_289' title='bbox 422 2276 559 2316; x_wconf 83' lang='lat' dir='ltr'><strong>quam</strong></span> <span class='ocrx_word' id='word_1_290' title='bbox 594 2263 815 2317; x_wconf 84' lang='lat' dir='ltr'><strong>integram</strong></span> <span class='ocrx_word' id='word_1_291' title='bbox 854 2276 1052 2316; x_wconf 54' lang='lat' dir='ltr'><strong>norunt,</strong></span> <span class='ocrx_word' id='word_1_292' title='bbox 1085 2265 1351 2310; x_wconf 84' lang='lat' dir='ltr'><strong>didicerunt</strong></span> <span class='ocrx_word' id='word_1_293' title='bbox 1381 2270 1544 2311; x_wconf 84' lang='lat' dir='ltr'><strong>Arcti-</strong></span> 
     </span>
     <span class='ocr_line' id='line_1_38' title="bbox 269 2317 1543 2382; baseline 0.008 -23"><span class='ocrx_word' id='word_1_294' title='bbox 269 2333 355 2359; x_wconf 88' lang='lat' dir='ltr'><strong>nus</strong></span> <span class='ocrx_word' id='word_1_295' title='bbox 375 2350 385 2367; x_wconf 96' lang='lat'>‚</span> <span class='ocrx_word' id='word_1_296' title='bbox 433 2317 592 2373; x_wconf 79' lang='lat' dir='ltr'><strong>Hagias</strong></span> <span class='ocrx_word' id='word_1_297' title='bbox 643 2330 689 2360; x_wconf 88' lang='lat' dir='ltr'><strong>et</strong></span> <span class='ocrx_word' id='word_1_298' title='bbox 739 2318 940 2362; x_wconf 48' lang='lat' dir='ltr'><strong>Stasimus</strong></span> <span class='ocrx_word' id='word_1_299' title='bbox 995 2323 1205 2382; x_wconf 71' lang='lat' dir='ltr'><strong>Cyprius.</strong></span> <span class='ocrx_word' id='word_1_300' title='bbox 1276 2325 1344 2367; x_wconf 88' lang='lat' dir='ltr'><strong>Ita</strong></span> <span class='ocrx_word' id='word_1_301' title='bbox 1382 2325 1438 2368; x_wconf 84' lang='lat' dir='ltr'><strong>G.</strong></span> <span class='ocrx_word' id='word_1_302' title='bbox 1483 2327 1543 2372; x_wconf 73' lang='lat' dir='ltr'><strong>G,</strong></span> 
     </span>
     <span class='ocr_line' id='line_1_39' title="bbox 269 2374 1514 2439; baseline 0.006 -22"><span class='ocrx_word' id='word_1_303' title='bbox 269 2374 474 2417; x_wconf 82' lang='lat' dir='ltr'><strong>Nitzsch.</strong></span> <span class='ocrx_word' id='word_1_304' title='bbox 502 2377 558 2417; x_wconf 92' lang='lat' dir='ltr'><strong>de</strong></span> <span class='ocrx_word' id='word_1_305' title='bbox 594 2376 705 2417; x_wconf 84' lang='lat' dir='ltr'><strong>Hist.</strong></span> <span class='ocrx_word' id='word_1_306' title='bbox 735 2375 862 2420; x_wconf 88' lang='lat' dir='ltr'><strong>Hom.</strong></span> <span class='ocrx_word' id='word_1_307' title='bbox 896 2388 978 2420; x_wconf 81' lang='lat' dir='ltr'><strong>etc.</strong></span> <span class='ocrx_word' id='word_1_308' title='bbox 1011 2397 1053 2437; x_wconf 87' lang='lat' dir='ltr'><strong>p.</strong></span> <span class='ocrx_word' id='word_1_309' title='bbox 1085 2396 1176 2424; x_wconf 81' lang='lat'><em>121.</em></span> <span class='ocrx_word' id='word_1_310' title='bbox 1208 2381 1262 2424; x_wconf 88' lang='lat' dir='ltr'><strong>cf.</strong></span> <span class='ocrx_word' id='word_1_311' title='bbox 1294 2398 1392 2439; x_wconf 83' lang='lat' dir='ltr'><strong>pag.</strong></span> <span class='ocrx_word' id='word_1_312' title='bbox 1424 2384 1514 2427; x_wconf 79' lang='lat'>153.</span> 
     </span>
    </p>

    <p class='ocr_par' dir='ltr' id='par_1_12' title="bbox 132 2429 1547 2714">
     <span class='ocr_line' id='line_1_40' title="bbox 132 2429 1547 2499; baseline 0.006 -23"><span class='ocrx_word' id='word_1_313' title='bbox 132 2429 181 2476; x_wconf 80' lang='lat' dir='ltr'><strong>P·</strong></span> <span class='ocrx_word' id='word_1_314' title='bbox 209 2432 302 2475; x_wconf 82' lang='lat'><strong><em>251.</em></strong></span> <span class='ocrx_word' id='word_1_315' title='bbox 334 2430 391 2473; x_wconf 86' lang='lat' dir='ltr'><strong>ad</strong></span> <span class='ocrx_word' id='word_1_316' title='bbox 420 2447 460 2474; x_wconf 86' lang='lat' dir='ltr'><strong>v.</strong></span> <span class='ocrx_word' id='word_1_317' title='bbox 491 2436 792 2478; x_wconf 63' lang='grc' dir='ltr'><strong>αὐτοδδκκτον.</strong></span> <span class='ocrx_word' id='word_1_318' title='bbox 866 2435 1078 2479; x_wconf 85' lang='lat' dir='ltr'><strong>Petersen</strong></span> <span class='ocrx_word' id='word_1_319' title='bbox 1118 2437 1289 2497; x_wconf 88' lang='lat' dir='ltr'><strong>disput.</strong></span> <span class='ocrx_word' id='word_1_320' title='bbox 1322 2440 1370 2480; x_wconf 86' lang='lat' dir='ltr'><strong>in</strong></span> <span class='ocrx_word' id='word_1_321' title='bbox 1398 2439 1547 2499; x_wconf 83' lang='lat' dir='ltr'><strong>praef.</strong></span> 
     </span>
     <span class='ocr_line' id='line_1_41' title="bbox 275 2487 1546 2556; baseline 0.008 -26"><span class='ocrx_word' id='word_1_322' title='bbox 275 2498 431 2530; x_wconf 89' lang='lat' dir='ltr'><strong>nostra</strong></span> <span class='ocrx_word' id='word_1_323' title='bbox 459 2487 483 2529; x_wconf 92' lang='grc' dir='ltr'><strong>Ι.</strong></span> <span class='ocrx_word' id='word_1_324' title='bbox 514 2505 559 2545; x_wconf 79' lang='lat' dir='ltr'><strong>p.</strong></span> <span class='ocrx_word' id='word_1_325' title='bbox 594 2492 660 2533; x_wconf 75' lang='lat'><strong>18.</strong></span> <span class='ocrx_word' id='word_1_326' title='bbox 682 2521 695 2541; x_wconf 90' lang='lat'>‚</span> <span class='ocrx_word' id='word_1_327' title='bbox 729 2491 966 2543; x_wconf 83' lang='lat' dir='ltr'><strong>Phemius,</strong></span> <span class='ocrx_word' id='word_1_328' title='bbox 1009 2495 1191 2554; x_wconf 81' lang='lat' dir='ltr'><strong>inquit,</strong></span> <span class='ocrx_word' id='word_1_329' title='bbox 1223 2511 1269 2538; x_wconf 87' lang='lat' dir='ltr'><strong>se</strong></span> <span class='ocrx_word' id='word_1_330' title='bbox 1302 2502 1395 2542; x_wconf 64' lang='grc' dir='ltr'><strong><em>αὖτ’.</em></strong></span> <span class='ocrx_word' id='word_1_331' title='bbox 1427 2513 1546 2556; x_wconf 88' lang='lat' dir='ltr'><strong>pro-</strong></span> 
     </span>
     <span class='ocr_line' id='line_1_42' title="bbox 275 2545 1547 2611; baseline 0.009 -25"><span class='ocrx_word' id='word_1_332' title='bbox 275 2545 462 2588; x_wconf 65' lang='lat' dir='ltr'><strong>fitetura</strong></span> <span class='ocrx_word' id='word_1_333' title='bbox 506 2546 626 2588; x_wconf 84' lang='lat' dir='ltr'><strong>idem</strong></span> <span class='ocrx_word' id='word_1_334' title='bbox 665 2563 795 2600; x_wconf 77' lang='lat' dir='ltr'><strong>vero,</strong></span> <span class='ocrx_word' id='word_1_335' title='bbox 840 2564 897 2590; x_wconf 84' lang='lat' dir='ltr'><strong>ne</strong></span> <span class='ocrx_word' id='word_1_336' title='bbox 937 2552 1050 2607; x_wconf 77' lang='lat' dir='ltr'><strong>quid</strong></span> <span class='ocrx_word' id='word_1_337' title='bbox 1098 2552 1252 2595; x_wconf 79' lang='lat' dir='ltr'><strong>dicere</strong></span> <span class='ocrx_word' id='word_1_338' title='bbox 1296 2553 1435 2611; x_wconf 86' lang='lat' dir='ltr'><strong>impie</strong></span> <span class='ocrx_word' id='word_1_339' title='bbox 1471 2557 1547 2597; x_wconf 84' lang='lat' dir='ltr'><strong>vi-</strong></span> 
     </span>
     <span class='ocr_line' id='line_1_43' title="bbox 273 2601 1545 2660; baseline 0.009 -18"><span class='ocrx_word' id='word_1_340' title='bbox 273 2601 465 2654; x_wconf 82' lang='lat' dir='ltr'><strong>deatur,</strong></span> <span class='ocrx_word' id='word_1_341' title='bbox 499 2619 602 2646; x_wconf 82' lang='lat' dir='ltr'><strong>mox</strong></span> <span class='ocrx_word' id='word_1_342' title='bbox 640 2604 906 2660; x_wconf 78' lang='lat' dir='ltr'><strong>subjungit,</strong></span> <span class='ocrx_word' id='word_1_343' title='bbox 940 2608 1096 2652; x_wconf 88' lang='lat' dir='ltr'><strong>divino</strong></span> <span class='ocrx_word' id='word_1_344' title='bbox 1121 2612 1308 2653; x_wconf 90' lang='lat' dir='ltr'><strong>numine</strong></span> <span class='ocrx_word' id='word_1_345' title='bbox 1334 2626 1382 2654; x_wconf 92' lang='lat' dir='ltr'><strong>se</strong></span> <span class='ocrx_word' id='word_1_346' title='bbox 1416 2612 1545 2654; x_wconf 77' lang='lat' dir='ltr'><strong>affla-</strong></span> 
     </span>
     <span class='ocr_line' id='line_1_44' title="bbox 274 2662 1545 2714; baseline 0.006 -9"><span class='ocrx_word' id='word_1_347' title='bbox 274 2669 371 2705; x_wconf 77' lang='lat' dir='ltr'><strong>tum</strong></span> <span class='ocrx_word' id='word_1_348' title='bbox 414 2662 555 2703; x_wconf 63' lang='lat' dir='ltr'><strong>multa</strong></span> <span class='ocrx_word' id='word_1_349' title='bbox 614 2672 659 2703; x_wconf 91' lang='lat' dir='ltr'><strong>et</strong></span> <span class='ocrx_word' id='word_1_350' title='bbox 720 2663 837 2705; x_wconf 82' lang='lat' dir='ltr'><strong>varia</strong></span> <span class='ocrx_word' id='word_1_351' title='bbox 900 2681 1060 2710; x_wconf 82' lang='lat' dir='ltr'><strong>canere</strong></span> <span class='ocrx_word' id='word_1_352' title='bbox 1114 2668 1391 2711; x_wconf 76' lang='lat' dir='ltr'><strong>carminibus</strong></span> <span class='ocrx_word' id='word_1_353' title='bbox 1452 2669 1545 2714; x_wconf 86' lang='lat' dir='ltr'><strong>Od.</strong></span> 
     </span>
    </p>
   </div>
   <div class='ocr_carea' id='block_1_3' title="bbox 1384 2726 1548 2782">
    <p class='ocr_par' dir='ltr' id='par_1_13' title="bbox 1384 2726 1548 2782">
     <span class='ocr_line' id='line_1_45' title="bbox 1384 2726 1548 2782; baseline -0.006 -12"><span class='ocrx_word' id='word_1_354' title='bbox 1384 2726 1517 2770; x_wconf 74' lang='lat' dir='ltr'><strong>xxn</strong></span> <span class='ocrx_word' id='word_1_355' title='bbox 1534 2759 1548 2782; x_wconf 89' lang='lat'>,</span> 
     </span>
    </p>
   </div>
  </div>
 </body>
</html>
