1780 3120
186 134 289 210 tas
562 151 1238 215 'ANTIQUITAS

196 286 544 357 praedicantur.
611 282 841 351 Exemplo
867 286 961 342 sint
982 301 1098 351 quae
1123 284 1181 337 de
1205 281 1367 335 eadem
1400 286 1482 344 Zei
1501 297 1610 336 com*

198 360 304 420 juge
323 352 563 418 leguntur:
769 355 772 360 ’
1079 362 1081 364 ’
1459 366 1463 369 ·

334 458 347 468 .
383 455 405 483 ·,
430 454 443 466 .
481 454 491 464 .
529 454 540 465 .
580 422 597 467 .”
629 423 739 480 χερσὶ
764 420 972 477 πλοκάμους
999 414 1132 470 ἔπλεξε
1162 421 1322 479 φαεινοὺς
1346 430 1364 454 ¹

328 487 508 542 Καλοὺς,
545 485 795 543 ἀμβροσίους,
831 487 873 528 ἐκ
906 489 1064 542 κράατος
1090 485 1280 529 ἀθανάτοιο
1301 494 1341 531 2.

199 551 295 612 Qui
320 549 523 596 cincinni
548 547 695 592 aureis
721 546 798 594 vel
823 545 1050 609 argenteis
1066 583 1077 604 ,
1112 545 1162 593 id
1187 554 1283 603 est,
1318 563 1430 595 auro
1455 566 1619 612 argen-⁴

199 626 307 664 tove
362 614 534 662 ornatis
576 612 729 658 fasciis
784 611 1059 677 plerumque
1111 611 1451 661 vinciebantur.
1523 616 1616 662 Eu-

197 680 381 748 phorbo
411 680 613 746 Trojano
640 684 752 740 κόμαι
780 685 913 725 erant

332 778 896 794 ............
933 749 1152 808 χαρίτεσσιν
1177 750 1327 805 ὁμοῖαι,

333 817 509 875 Πλοχμοί
542 811 572 856 θ’
587 847 599 867 ,
633 815 664 854 οἳ
690 813 823 873 χρυσῷ
846 829 885 856 τε
911 815 974 855 καὶ
1000 815 1152 872 ἀργὺρῳ
1181 815 1390 873 ἐσφήκωντο
1414 810 1453 859 3.

200 879 484 943 Ceteroquin
539 874 782 921 cincinnos
830 875 879 919 in
924 890 1070 920 cornu
1121 874 1315 922 for-mam
1372 875 1621 941 aliquando

201 943 519 1007 effingebant,
552 938 678 1004 quod
715 947 876 985 notare
915 937 1099 984 videtur
1134 938 1312 997 Poeta,
1347 958 1455 988 cum
1498 943 1628 990 Pari-

203 1009 315 1056 dem
340 1008 465 1055 dicat
492 1013 586 1068 κέρᾳ
614 1008 750 1068 ἀγλαόν
772 1003 795 1037 4
813 1040 824 1061 ,
857 1005 896 1048 οὐ
923 1006 969 1064 τῇ
1000 1008 1101 1065 τριχὶ
1124 1007 1239 1064 ψιλῶς
1256 1041 1268 1062 ,
1305 1006 1460 1069 inquit
1490 1008 1629 1054 Scho-

207 1074 391 1131 liastes,
426 1074 509 1119 ἀλλ’
558 1073 745 1132 ἐμπλοκῆς
783 1089 819 1116 τι
863 1074 984 1132 γένος·
1039 1074 1089 1122 εἷς
1135 1076 1285 1132 κέρατος
1334 1069 1458 1135 (γὰρ)
1498 1078 1626 1135 τρόπον

203 1145 450 1188 ’ἀνεπλέκοντο
475 1144 506 1184 οῖ
534 1143 683 1199 ἀρχαῖοι
705 1135 744 1181 5.

275 1206 316 1270 ξ,
349 1207 398 1268 4.
466 1205 519 1250 In
544 1209 718 1248 certam
751 1199 947 1253 formam
978 1197 1199 1246 nonnulli
1235 1216 1415 1247 comam
1454 1200 1632 1265 praeci-

211 1271 402 1318 debant.
467 1269 526 1314 In
554 1266 626 1314 his
666 1265 897 1322 Abantes,
942 1266 1023 1329 qui
1060 1264 1300 1313 Euboeam
1335 1265 1630 1324 incolebant,

212 1347 260 1384 et
290 1338 350 1385 ab
377 1336 580 1382 Homero
617 1350 641 1379 a
673 1332 839 1379 ceteris
875 1331 1221 1393 distinguuntur
1261 1331 1469 1396 epitheto
1513 1333 1636 1381 ἔπιθεν

211 1410 413 1464 κομόωντες
435 1402 483 1457 6,
519 1400 550 1447 i.
587 1415 629 1445 e.
650 1434 661 1455 ‚
707 1398 788 1464 qui
828 1397 878 1444 in
916 1396 1170 1461 posteriore
1209 1398 1373 1462 capitis
1401 1406 1530 1462 parte
1563 1415 1638 1444 ca-

212 1468 349 1534 pillos
399 1465 612 1523 alehant,
647 1464 699 1510 in
739 1463 967 1509 anteriore
999 1471 1159 1509 contra
1188 1463 1474 1511 resecabant.
1542 1464 1636 1510 Cu-

215 1539 291 1600 jus
331 1534 473 1582 moris
508 1546 691 1578 causam
735 1538 915 1576 veteres
964 1526 1022 1574 ab
1056 1528 1297 1575 Abantum
1338 1546 1443 1575 cum
1488 1530 1638 1577 Cure·

215 1599 340 1646 tibus
378 1614 532 1662 pugna
565 1594 876 1659 repetierunt,
912 1610 1000 1658 qua
1039 1592 1149 1639 olim
1192 1594 1382 1641 Curetes
1420 1593 1524 1640 illos
1561 1611 1640 1640 co-

215 1682 294 1713 ma
335 1664 389 1710 in
435 1663 589 1708 fronte
629 1660 854 1723 promissa
895 1658 1209 1721 apprehensos
1239 1658 1488 1706 caecidisse
1536 1676 1640 1705 nar-

215 1737 379 1777 rantur
403 1739 439 1775 7.
522 1725 726 1775 Thraces
772 1723 910 1769 etiam
940 1755 956 1779 ,
1006 1738 1120 1785 quos
1165 1720 1325 1769 laudat
1376 1723 1638 1783 Homeru5,

216 1798 268 1844 in
293 1810 425 1841 coma
454 1789 661 1839 ornanda
704 1805 786 1836 suo
822 1803 952 1834 more
995 1785 1262 1833 utebantur.
1330 1788 1479 1834 Erant
1514 1787 1640 1836 enim'

218 1868 442 1925 ἇκροκόμοι,
478 1856 723 1904 cincinnos
757 1854 806 1901 in
826 1852 1000 1899 vertice
1047 1853 1212 1916 capitis
1246 1851 1485 1900 habebant
1514 1871 1641 1901 erec-

219 1937 321 1983 tos,
359 1926 428 1971 vel
458 1939 639 1969 comam
683 1921 732 1967 in
767 1935 947 1967 summo
986 1918 1137 1982 capite
1178 1916 1308 1966 nodo
1345 1919 1640 1968 constrictam

223 1991 446 2059 gerebant
467 1990 508 2039 8.

1519 2050 1555 2115 ς.
1593 2050 1639 2098 5.

272 2196 308 2239 ι)
334 2193 536 2229 Eustathius
562 2192 701 2238 exponit
729 2191 813 2228 τοὺς
846 2189 1193 2235 ἱκτερξανθίζοντας
1216 2187 1257 2221 ad
1289 2186 1332 2223 11.
1361 2185 1461 2231 XIV,
1490 2186 1554 2231 175
1574 2197 1644 2230 seq.

225 2251 264 2294 2)
290 2250 332 2285 ll.
348 2252 386 2284 L.
406 2250 427 2284 l.
455 2262 498 2283 vs.
529 2251 588 2291 176
605 2260 677 2292 seq.
773 2246 810 2288 5)
835 2243 876 2279 Il.
904 2243 954 2276 XX
969 2242 1026 2287 ll,
1044 2245 1083 2277 51
1108 2255 1201 2288 seqq.
1251 2241 1326 2283 Quo
1351 2241 1493 2286 respicit
1513 2241 1645 2274 Plinius

227 2318 303 2339 cum
332 2305 420 2348 apud
459 2304 646 2336 homerum
674 2301 823 2334 virorum
859 2297 1010 2332 crinibus
1046 2309 1165 2330 aurum
1205 2295 1388 2340 implexum
1423 2296 1521 2331 dicit.
1552 2296 1645 2329 Hist.

229 2360 307 2395 Nat.
333 2360 372 2393 L.
393 2357 515 2391 xxm.
541 2370 570 2390 c.
595 2370 624 2390 1.
737 2354 777 2398 4)
804 2352 884 2387 vid.
918 2351 961 2388 ll,
984 2351 1054 2395 XI,
1079 2353 1158 2387 525.
1271 2349 1307 2392 5)
1334 2350 1449 2383 Schol.
1471 2352 1509 2386 A.
1536 2349 1579 2383 ad
1600 2349 1647 2384 11.

226 2414 252 2450 l.
279 2413 304 2449 l.
345 2413 424 2448 vid.
447 2413 559 2457 lleyn.
585 2411 668 2446 Var.
705 2411 794 2444 Lea,
825 2416 859 2441 et
896 2406 1037 2442 Observ.
1067 2419 1133 2451 quo
1167 2404 1241 2439 loco
1272 2405 1384 2438 varias
1416 2405 1652 2449 interpretum,

227 2467 417 2503 sententias
440 2469 600 2500 collectas
626 2464 776 2499 exhibet.
823 2463 894 2507 Ipsi
919 2461 1003 2494 Viro
1031 2461 1079 2495 el.
1098 2459 1249 2504 antiquis
1272 2458 1525 2492 assentiendum
1551 2459 1652 2491 vide-

231 2532 286 2557 un·
315 2523 373 2567 qui
394 2520 520 2555 habent
547 2520 812 2562 ἀγαλλόμενος,
838 2517 1104 2560 ἀγλαϊζόμενος
1136 2517 1185 2556 τῷ
1211 2516 1311 2556 τόξῳ.
1361 2513 1451 2547 Mihi
1468 2542 1476 2557 ,
1501 2520 1539 2546 ut
1557 2512 1652 2557 quod

231 2579 343 2611 sentio
370 2576 502 2619 dicam,
527 2587 593 2610 non
618 2575 715 2609 item.
819 2572 855 2614 6)
884 2571 965 2606 Yid.
1001 2569 1045 2605 ll.
1075 2568 1133 2612 Η,
1157 2569 1235 2602 542.
1275 2567 1316 2601 ad
1341 2580 1373 2612 q.
1398 2568 1422 2601 l.
1456 2568 1500 2602 cs.
1532 2565 1651 2600 schol.

233 2642 268 2666 et
287 2632 438 2675 Interpr.
541 2629 577 2675 7)
606 2628 684 2661 vni.
723 2626 836 2660 Schol.
863 2625 1021 2660 Eustath.
1052 2623 1092 2657 ad
1115 2623 1137 2658 l.
1156 2622 1180 2658 l.
1227 2622 1348 2656 Strabo
1376 2622 1412 2657 L.
1440 2622 1492 2658 X..
1518 2634 1549 2665 p.
1571 2621 1654 2666 713„

233 2686 272 2721 C.
306 2685 394 2728 alii,
433 2696 517 2729 quos
556 2683 623 2717 vid.
663 2694 716 2726 ap·
753 2680 865 2724 lle3n.
914 2679 998 2714 Vnr.
1033 2679 1140 2716 Loca.
1182 2685 1215 2712 et
1249 2676 1388 2713 Obsesv.
1424 2676 1466 2711 ad
1506 2674 1595 2712 11.1.
1625 2673 1650 2709 l.

234 2742 272 2784 ἴ)
302 2739 381 2776 vid.
406 2739 516 2774 schol.
549 2746 582 2772 et
606 2737 752 2781 Interpr.
781 2734 819 2768 ad
844 2733 885 2773 11,
911 2733 985 2775 lv,
1011 2735 1089 2770 533.
1525 2721 1532 2729 ⁸
