1780 3120
579 123 1158 193 >HoM'ERIcA,
1534 142 1604 202 19

180 269 272 340 ipsi
296 270 510 320 homines
547 268 608 319 de
639 270 743 320 Diis
780 269 1027 329 fovebant,
1060 269 1234 335 opinio,
1267 267 1474 316 Externa
1499 274 1597 318 erat

180 337 435 393 munditia,
472 344 519 382 et
550 337 659 384 mali
689 337 855 383 ominis
882 334 1210 383 avet-runcatio.
1269 334 1432 398 Itaque
1450 333 1596 381 lavare

178 419 344 449 manus
387 400 595 463 religiose
638 401 783 460 soliti,
826 403 1003 466 quoties
1038 408 1169 447 erant
1204 407 1308 445 vota
1349 407 1426 444 aut
1473 415 1597 445 sacra

172 469 276 515 Diis
309 468 514 515 facienda
533 506 543 526 ,
570 468 749 514 etiamsi
773 468 898 514 nulla
924 484 972 514 re
1010 467 1135 530 turpi
1171 472 1324 512 essent
1370 464 1594 510 contami·

171 534 288 579 nati.
363 533 438 579 Sic
481 532 650 580 Nestor
694 550 778 598 pro
822 532 945 581 felici
995 531 1235 596 legationis
1269 528 1396 576 exitu
1447 530 1593 575 Zeum

170 607 439 663 precaturus
456 617 465 644 :

396 668 513 726 Φέρτε
546 668 676 729 χερσὶν
706 666 829 727 ὕδωρ,
861 662 1083 729 εὐφημῆσαί
1106 683 1144 710 τε
1178 665 1328 708 κέλεσθε
1351 671 1369 696 1

176 741 267 795 qua
305 729 366 777 ad
406 745 567 792 preces
608 730 954 793 praeparatione
993 730 1142 787 facta,
1194 727 1321 774 Deos
1359 722 1447 772 sibi
1478 739 1590 788 pro-

172 795 364 860 pitiores
395 794 495 840 fore
527 794 871 842 existimabant.
919 793 1124 843 Achilles
1153 792 1349 841 numina
1383 806 1470 858 pro
1504 789 1594 836 Pa-

171 857 306 908 trocli
336 858 481 907 salute
512 869 757 919 oraturus,

390 927 433 971 N
435 929 543 987 ι’ψατο
573 929 678 980 αὐτὸς
710 939 838 990 χεῖρας
859 936 898 975 2.
965 961 978 973 .
1045 963 1058 974 .
1128 963 1140 976 .
1209 960 1221 972 .
1287 954 1304 972 0

167 987 345 1038 Hector
375 1006 559 1056 quoque
584 999 769 1038 veretur

392 1060 536 1119 Χερσίν
568 1058 750 1104 οἷνίπτοισι
784 1060 854 1103 Διῒ
883 1059 1022 1117 λείβειν
1054 1060 1191 1104 α’ίθοπα
1222 1049 1309 1102 οὗον
1329 1053 1368 1100 3.

163 1117 378 1179 Priamus
398 1122 546 1169 Zeum
564 1131 864 1188 precaturus,
899 1131 952 1169 ut
978 1120 1172 1172 Achillis
1196 1118 1480 1169 voluntatem
1495 1114 1585 1167 sibi

165 1183 410 1246 conciliet,

504 1289 516 1299 .
550 1254 753 1317 ἀμφίπολον
782 1260 920 1315 ταμίην
945 1253 1085 1318 ὤτρυνε
1155 1292 1166 1303 .
1233 1290 1246 1302 .
1314 1289 1327 1301 .
1396 1286 1409 1298 .

355 1319 505 1377 Χερσῖν
530 1319 628 1378 ὕδωρ
655 1323 822 1377 ἐπιχεῦαι
853 1322 1038 1378 α’κήρατον
1059 1321 1085 1357 4
1149 1357 1160 1366 .
1231 1355 1244 1368 .
1313 1352 1328 1364 ο
1396 1347 1414 1363 ·

161 1377 327 1426 Vestes
358 1387 597 1444 praeterea
639 1379 842 1426 mundae
877 1381 937 1427 ad
971 1399 1116 1429 sacras
1142 1399 1217 1429 res
1246 1395 1585 1444 nonnunquam

159 1444 351 1492 fuerunt
379 1443 642 1503 adhibitae„
675 1454 727 1491 ut
758 1463 784 1493 a
818 1445 1076 1511 Penelope,
1114 1463 1230 1512 quae

348 1546 360 1558 .
397 1543 411 1556 .
450 1543 463 1555 .
499 1515 729 1572 ὑδρηναμένη
749 1548 762 1569 ,
798 1516 947 1575 καθαροὶ
980 1518 1068 1576 χροῒ
1095 1515 1217 1574 εἵμαθ’
1240 1515 1374 1559 ἑλοῦσα

355 1573 532 1636 Εὔχετο·
557 1573 594 1621 5.

159 1637 351 1689 Adhaec
383 1641 482 1704 ipsa
511 1656 642 1698 vasa,
684 1656 813 1686 sacro
849 1640 952 1688 usui
995 1639 1252 1700 destinata,
1296 1642 1437 1688 moris
1483 1643 1582 1688 erat

196 1721 381 1769 urgere,
416 1705 541 1771 quod
580 1705 637 1752 ab
671 1706 847 1752 Achille
871 1708 1043 1754 factum
1080 1707 1296 1770 legimuS‚
1330 1709 1409 1772 qui
1440 1724 1582 1771 pocu-

159 1722 257 1817 lum
277 1808 288 1829 ,
321 1778 413 1836 quo
446 1771 528 1818 uni
555 1772 647 1817 Zeo
675 1770 818 1818 libare
847 1771 1041 1830 solebat,
1086 1772 1546 1839 priusquam.libaret
1566 1809 1579 1832 ‚

360 1868 783 1886 ......
849 1843 1009 1900 έναθηρε
1046 1843 1148 1901 θεείῳ

350 1905 530 1963 Πρῶτον,
566 1902 693 1948 ἔπειτα
726 1903 764 1947 δὲ
797 1904 871 1962 νίψ’
895 1906 1024 1956 ὕδατος
1051 1907 1187 1964 καλῇσι
1219 1902 1324 1966 ῥοῇσι
1347 1905 1385 1952 6.

222 1965 264 2028 ξ.
296 1983 340 2012 2.
388 1965 652 2011 Utebantur
683 1965 731 2009 in
763 1966 1114 2029 purgationibus
1143 1985 1260 2032 aqua
1288 1969 1577 2032 potissimum

153 2029 286 2078 Salsa.
355 2029 480 2075 Hinc
509 2047 625 2094 aqua
657 2031 832 2076 marina
865 2031 1082 2094 praelata.
1148 2032 1459 2082 Telemachus

376 2098 515 2157 Χεῖρας
545 2101 737 2156 νιψάμενος
769 2100 892 2151 πολιῆς
926 2101 1009 2152 ἁλὸς
1040 2097 1318 2161 εὔχετ’“Αθη’νῃ
1342 2110 1380 2148 7.

158 2159 324 2210 Achivi
365 2160 553 2207 Atridae
596 2163 722 2222 jussu

258 2261 271 2274 .
309 2261 321 2271 .
357 2257 372 2273 .
397 2228 708 2286 ἀπελυμαίνοντο,
746 2231 809 2271 καὶ
849 2230 897 2280 εἷς
937 2229 1014 2274 ἅλα
1054 2230 1190 2290 λύματ’
1222 2232 1384 2288 ἔβαλλον
1405 2233 1442 2278 8.

225 2286 430 2355 Sulphur
449 2291 499 2337 in
524 2290 867 2338 lustrationibus
894 2293 1008 2340 item
1042 2293 1305 2342 adhibitum
1336 2297 1451 2358 fuit,
1487 2316 1573 2346 cu-

1501 2381 1577 2432 jus

168 2524 172 2526 ἡ
206 2475 245 2522 1)
268 2475 310 2514 11.
328 2476 397 2523 lx,
423 2489 498 2524 171·
537 2476 590 2515 Cf.
614 2477 678 2513 Od.
699 2474 754 2523 ΙΙ,
774 2479 851 2515 260.
876 2478 961 2524 XII,
984 2480 1051 2515 536
1069 2491 1141 2526 seq.
1241 2482 1279 2526 2)
1305 2480 1348 2517 11.
1369 2483 1467 2530 XVI,
1490 2487 1570 2525 250.

158 2529 213 2569 Cf.
237 2532 301 2570 Od.
323 2532 388 2576 IV,
406 2534 485 2578 759.
511 2531 628 2578 XVII,
652 2534 711 2569 48.
843 2531 880 2576 5)
905 2533 949 2569 ll.
974 2533 1043 2579 VI,
1066 2537 1145 2570 266·
1193 2534 1247 2570 Cf.
1268 2536 1345 2581 III,
1368 2551 1446 2583 270.
1470 2539 1574 2586 XVI³¹

153 2587 237 2623 250.
353 2586 392 2631 4)
417 2586 462 2622 Il.
485 2586 616 2632 XXIV,
642 2589 707 2623 502
730 2599 822 2633 seqq.
923 2587 962 2632 5)
986 2587 1053 2622 Od·
1075 2588 1146 2635 IV,
1170 2592 1248 2636 750.
1295 2590 1350 2626 Cf.
1372 2591 1492 2639 XVII,
1515 2597 1574 2631 58.

156 2639 196 2683 6)
221 2640 263 2676 11.
287 2640 388 2687 xvi,
409 2643 476 2677 228
498 2653 572 2687 seq.
705 2641 742 2690 7)
762 2638 831 2680 Od.
855 2641 913 2691 II,
936 2645 1013 2680 261.
1148 2644 1188 2688 8)
1210 2644 1252 2682 11.
1276 2645 1317 2692 1,
1339 2647 1407 2683 513
1428 2647 1471 2682 ad
1492 2648 1574 2696 (1.1.

158 2692 227 2731 v'id.
252 2693 365 2741 Heyn.
411 2694 465 2734 cf.
490 2696 535 2743 X,
559 2697 638 2743 572.

1101 2744 1140 2791 B
1174 2761 1206 2793 2
