1780 3120
157 127 254 191 affi
536 121 1219 184 ANTIQUITAS

166 258 332 308 adnexi
357 267 394 303 ².
461 255 733 306 Vertieillus
762 266 919 304 autem
952 265 1023 303 est
1047 258 1180 318 κόλλοψ
1203 268 1248 313 2,
1282 255 1332 304 δι’
1349 254 1389 302 οὗ
1415 256 1590 306 τείνονταῖ

164 329 324 390 χσρὸαί,
363 331 414 371 ut
444 322 508 369 ait
535 323 806 370 Eustathius
828 323 878 379 5,
916 321 989 368 vel
1015 331 1069 367 ut
1100 320 1199 379 alii,
1230 322 1321 368 ἔνθα
1346 331 1517 372 τείνονται
1547 328 1591 370 αἶ

168 400 206 440 ἐν
235 396 283 454 τῇ
308 395 402 452 λύρᾳ
434 389 570 451 χορδαί
590 389 640 446 4,
677 406 768 453 quo
807 388 923 434 fides
960 385 1317 433 intenderentur
1355 397 1402 433 et
1428 390 1595 435 remit·

166 466 390 504 terantur.
456 454 596 502 Nervi
633 452 835 519 denique
876 469 958 499 seu
994 451 1109 497 fides
1132 490 1142 507 ,
1183 453 1354 498 nisiex
1391 455 1590 501 aliorum

167 538 355 589 quoque
381 519 648 566 animalium
666 557 677 577 ‚
709 536 765 565 ex
786 519 942 564 ovium
974 525 1099 564 certe
1130 518 1362 564 intestinis
1391 520 1461 566 vel
1485 537 1594 566 nern

170 592 239 637 vis
275 589 421 634 factae
449 594 584 642 sunt,
618 584 771 649 quales
803 585 1033 630 Homerus
1068 582 1184 629 dicit
1221 588 1416 648 ἐϋστρεφὲς
1450 585 1594 648 ἔντερον

173 661 263 712 οἷὸς,
300 651 487 719 quando
523 651 744 716 Ulyssem
779 667 941 697 arcum
974 649 1089 696 scite
1128 647 1404 697 tendentem
1435 660 1593 699 canto-

173 722 215 768 ri
244 722 307 767 ita
340 725 603 782 comparat:

306 785 373 838 Ὡς
398 786 453 830 ’ἆτ’
471 788 568 846 ἀνὴρ
602 788 798 847 φόρμιγγος
824 782 1064 843 ε’πιστάμενες
1095 787 1159 828 καὶ
1190 783 1340 841 ἀοιδῆς,

306 851 477 904 Ῥηϊδίως,
503 854 681 895 ἐτάνυσσε
714 857 782 910 νέῳ
807 849 867 894 ἐπὶ
895 853 1044 893 κόλλοπι
1070 852 1235 911 χορδὴν,

295 919 430 977 ’Ἄφας
452 919 714 977 ἀμφοτέρωθεν
745 916 941 976 ἐϋστρεφὲς
967 913 1114 976 ’ἔντερον
1145 919 1210 967 οἷός
1234 912 1271 959 5.

184 983 302 1030 Sunt
330 989 490 1025 tamen
509 1015 520 1033 ‚
556 978 636 1042 qui
660 977 784 1041 lyrae
817 976 1010 1023 chordas
1045 995 1070 1022 e
1097 977 1194 1023 lino
1223 978 1363 1024 factas
1400 992 1499 1024 esse
1541 975 1605 1023 af-

181 1051 403 1103 firmant,
439 1061 531 1109 quo
561 1042 798 1100 referunt,
827 1060 943 1107 quae
971 1040 1031 1087 de
1053 1060 1199 1107 puero
1235 1043 1284 1090 in
1322 1043 1491 1089 mediis
1509 1042 1609 1088 vin-

181 1109 518 1162 demiatoribus
547 1106 757 1155 adstante
790 1106 960 1155 cecinit
991 1109 1196 1154 Auctor:

313 1179 472 1240 Ἱμερόευ
498 1176 663 1237 κιθάριζε
679 1212 690 1232 ,
726 1178 818 1220 ’Λίνον
842 1175 878 1220 δ’
902 1177 969 1219 ὑπὸ
990 1178 1101 1220 καλὸν
1131 1174 1230 1221 ἄειδε

323 1244 526 1302 Λεπταλέῃ
554 1242 678 1303 φωνῇ·
706 1239 744 1286 6.

184 1312 345 1376 Longe
387 1323 497 1357 vero
532 1304 754 1371 plurimi,
789 1313 837 1352 et
874 1305 1047 1352 rectius
1087 1304 1201 1352 forte
1225 1316 1271 1366 7,
1308 1303 1366 1353 de
1392 1304 1618 1369 singulari

1510 1388 1623 1418 cane

237 1498 276 1545 ι)
302 1497 383 1536 Vid.
400 1494 513 1544 Ksspp.
528 1491 571 1530 ad
596 1490 723 1534 11-.1'x‚
750 1496 824 1542 187.
847 1502 881 1530 et
905 1495 1044 1532 Passov.
1061 1492 1142 1531 Lex.
1167 1495 1203 1529 in
1223 1507 1255 1532 v.
1279 1493 1486 1540 Ἀργὺρεον
1498 1494 1566 1528 fui-t
1585 1494 1623 1528 in

195 1554 344 1592 Achillis
364 1554 458 1598 lyra·
593 1550 632 1594 2)
660 1550 740 1586 vid.
774 1549 841 1586 Od.
870 1549 970 1594 XXI,
995 1550 1075 1595 407.
1123 1548 1165 1583 In
1194 1549 1341 1583 Achillis
1369 1549 1445 1594 lyra
1479 1548 1523 1584 Il.
1552 1548 1623 1588 lx,

200 1612 279 1648 186.
306 1608 443 1647 κόλλοψ
469 1616 537 1639 non
565 1612 855 1638 commemoratur
873 1632 882 1647 ,
906 1603 995 1637 unde
1031 1612 1270 1647 argumentum
1299 1604 1424 1637 sumsit
1443 1603 1483 1639 R.
1506 1598 1623 1647 Paync

197 1664 341 1709 Knight.
367 1661 501 1705 Proleg.
527 1662 560 1706 ᾗ.
573 1659 710 1694 LXVII.
725 1685 734 1702 ,
761 1668 828 1704 quo
851 1657 1001 1692 Iliadem
1016 1658 1169 1702 Odyssea
1191 1658 1422 1702 antiquiorem
1438 1665 1473 1692 et
1497 1658 1630 1690 κόλλο-

200 1731 256 1754 πα
277 1730 316 1752 eo
340 1716 455 1752 seculo
475 1716 651 1749 inventum
675 1725 746 1748 esse
779 1712 961 1757 probaret,
995 1711 1086 1756 quod
1121 1711 1213 1745 inter
1238 1711 1364 1746 Iliadis
1393 1720 1428 1746 et
1454 1711 1628 1757 Odysseae

200 1782 317 1809 ortum
348 1769 477 1817 posuit.
524 1783 540 1804 n
561 1768 658 1810 Quae
688 1767 888 1811 conclusio,
923 1766 1037 1812 inquit
1068 1765 1251 1802 Thierseh.
1271 1794 1281 1812 ,
1307 1767 1348 1801 de
1374 1766 1510 1800 diversa
1529 1765 1572 1800 11.
1596 1773 1633 1800 et

201 1829 323 1874 Odyss.
350 1832 464 1860 aetate
488 1823 525 1857 in
555 1822 677 1856 Jahnii
710 1820 834 1855 Jahrb.
864 1829 928 1858 etc.
954 1820 1139 1856 Tom.111.
1165 1820 1204 1857 P.
1227 1834 1259 1857 2.
1286 1834 1315 1866 p.
1340 1833 1434 1866 107.,
1458 1820 1543 1855 falsa
1567 1828 1632 1859 est.

205 1883 294 1918 Nam
315 1883 351 1915 in
366 1882 439 1924 ipsa
465 1878 618 1923 Odyssea
637 1876 776 1921 saepius
796 1876 873 1921 lyra
891 1883 1182 1909 commemoratur
1208 1876 1263 1921 (v.
1287 1888 1317 1919 g,
1343 1875 1408 1911 Od,
1429 1875 1497 1919 o.)
1523 1887 1633 1921 neque

207 1947 324 1974 tamen
339 1935 444 1973 alibi,
469 1933 537 1967 nisi
555 1946 601 1978 φ,
625 1934 713 1979 407,
740 1931 877 1970 κόλλοψ
896 1930 1108 1966 nominatur.
1132 1930 1225 1964 Mihi
1243 1942 1322 1964 vero
1344 1930 1480 1970 κόλλοψ
1493 1943 1532 1965 ea
1555 1943 1634 1977 pars

204 1993 304 2039 lyrae
329 2002 402 2025 esse
426 1987 583 2032 videtur,
607 1999 692 2033 quae
714 1996 850 2020 necesse
873 1992 945 2028 est,
969 1992 1009 2018 ut
1029 1995 1097 2018 una
1117 1997 1195 2019 cum
1215 1984 1443 2020 instrumento
1465 1986 1635 2030 originem

208 2048 337 2092 capiat.
385 2041 526 2088 Aliquid
551 2041 644 2076 enim
663 2039 698 2074 in
724 2039 871 2074 achillis
893 2039 970 2085 lyra
990 2051 1062 2073 esse
1083 2039 1224 2084 debuit,
1249 2053 1286 2073 ex
1308 2053 1373 2085 quo
1395 2040 1543 2074 chordae
1558 2049 1638 2075 ten-

209 2104 387 2138 derentur:
414 2098 448 2132 id
463 2109 540 2131 vero
563 2095 653 2130 nihil
673 2095 768 2129 aliud
794 2095 882 2139 fuit,
908 2105 1010 2139 quam
1034 2095 1183 2134 κόλλοψ.
1232 2096 1479 2137 Argumentum
1500 2108 1517 2129 e
1539 2095 1638 2141 lyrae

212 2164 408 2194 structura,
432 2153 463 2187 si
485 2151 617 2198 aliquid
641 2150 803 2197 probaret
818 2178 826 2194 ‚
850 2148 1053 2183 sumendum
1069 2156 1144 2183 erat
1168 2162 1185 2183 e
1209 2161 1351 2183 numero
1380 2149 1521 2194 fidium3
1554 2150 1640 2185 fides

216 2213 310 2248 enim
338 2211 374 2244 in
408 2216 561 2252 tempore
603 2205 815 2249 augebantur
853 2211 888 2238 et
916 2203 985 2238 alia
1019 2205 1154 2239 ratione
1191 2205 1282 2238 inter
1322 2216 1358 2238 se
1389 2204 1643 2250 comparaban-

217 2277 288 2304 tur,
335 2263 417 2299 vid.
443 2262 504 2298 Fr.
529 2260 712 2296 Thiersch.
741 2258 883 2295 Einleit.
906 2271 934 2294 z.
959 2258 1100 2295 Pindar.
1127 2269 1203 2304 pag.
1224 2260 1267 2294 56
1287 2271 1358 2304 seq.
1376 2261 1401 2277 ’'
1522 2258 1560 2302 3)
1588 2259 1640 2292 Ad

219 2323 282 2357 od,
305 2318 403 2364 xxl,
427 2319 507 2361 407,
608 2314 648 2358 4)
675 2314 789 2350 Schol.
819 2325 870 2359 ap.
901 2313 1021 2357 Angel.
1055 2313 1137 2356 Mai.
1171 2313 1214 2347 ad
1240 2313 1304 2349 Od.
1327 2313 1351 2348 l.
1378 2313 1401 2348 l.
1432 2325 1532 2358 quem
1556 2313 1644 2348 citat

218 2373 402 2411 Thiersch-
425 2371 450 2405 l.
474 2382 501 2406 s.
521 2368 545 2405 l.
568 2369 652 2414 qui,
678 2368 838 2412 κόλλοψ,
864 2368 1000 2412 inquit,
1024 2380 1102 2411 ergo
1129 2367 1188 2401 illa
1210 2379 1288 2412 pars
1309 2367 1464 2401 citharae
1481 2396 1491 2412 ,
1516 2379 1555 2402 ex
1578 2380 1645 2414 qua

221 2429 319 2466 nervi
335 2435 395 2462 aut
416 2424 498 2460 fides
508 2423 735 2458 tendebantur
750 2450 761 2468 ‚
785 2421 875 2467 quod
896 2422 1018 2456 dicunt
1030 2422 1235 2466 epitonium.
1264 2422 1318 2458 Cf.
1340 2422 1454 2467 Apoll·
1468 2425 1549 2458 Lex.
1566 2423 1646 2460 inv.

226 2486 266 2530 5)
290 2483 356 2518 Od.
394 2478 493 2518 XXI,
517 2480 584 2514 405
613 2489 708 2522 seqq.
841 2476 879 2521 6)
905 2476 950 2512 Il.
986 2476 1123 2520 xvffl,
1148 2478 1213 2522 570
1241 2488 1313 2522 seq.
1445 2477 1482 2524 7)
1509 2477 1617 2511 Nemo
1634 2505 1646 2522 ,

226 2539 288 2586 qui
322 2535 506 2571 verborum
537 2544 660 2567 nexum
691 2531 851 2576 respicit,
876 2543 941 2576 pro
964 2531 1132 2575 materie,
1157 2543 1194 2564 ex
1226 2543 1291 2576 qua
1316 2530 1465 2566 chordae
1492 2531 1649 2566 fabrica-

225 2603 283 2630 tae
311 2593 412 2635 sint,
445 2588 544 2623 nobis
579 2585 793 2620 venditabit:
828 2586 877 2619 ita
914 2585 1097 2619 Thiersch.
1133 2585 1155 2621 l.
1190 2597 1292 2630 supra
1324 2587 1383 2622 cit.
1442 2590 1572 2622 Contra
1604 2586 1649 2624 R.

226 2649 341 2692 Payne
366 2643 498 2687 Knight
522 2641 655 2684 proleg.
690 2653 725 2685 p.
743 2641 798 2675 40.
828 2639 863 2672 in
889 2647 960 2676 not.
982 2652 1013 2685 9.
1030 2667 1040 2685 ‚
1065 2639 1156 2673 haud
1182 2652 1234 2672 me
1259 2639 1370 2685 sugit,
1395 2641 1530 2687 inquit,
1555 2641 1646 2674 viros

231 2703 348 2738 doctos
367 2700 466 2732 λίνον
486 2695 578 2734 istud
600 2707 659 2742 pro
685 2694 902 2731 cantiuncula
931 2695 1078 2741 quadam
1110 2694 1290 2730 habuisse:
1313 2695 1374 2729 sed
1393 2695 1508 2731 obstat
1529 2706 1649 2730 eorum

1580 2756 1663 2784 sca-
