1780 3120
563 133 1194 196 HOM'ERICA.2
1473 133 1566 188 183

147 288 240 328 tur.
267 285 314 325 et
354 272 510 322 nervis
542 270 814 328 utilissima,
846 277 900 316 ut
928 267 1091 315 asserit
1121 267 1414 319 Athenaeus:
1449 276 1560 316 κόπου

148 349 217 409 μὲν
245 344 409 403 θαλάττῃ
448 343 587 398 λύοντες
607 375 619 396 ,
652 340 677 393 η’
703 338 870 399 μάλςστα
898 348 969 389 τοῖς
1014 339 1146 398 νεύροις
1187 334 1268 381 ἐστι’
1301 344 1496 400 πρόςφορος
1519 345 1557 383 ⁸.

148 407 330 475 Alioqui
357 415 405 453 et
426 405 475 452 in
501 402 654 452 fluviis
682 401 956 459 lavabantur
983 398 1172 457 heroes,
1203 407 1259 446 ut
1281 399 1466 464 Agenor

276 503 691 521 .........
727 469 967 531 λοεσσάμενος
983 479 1158 529 ποταμοῖο
1169 502 1182 525 ,

256 540 366 600 Ἱδρῶ
392 540 618 599 ἀποψυχθείς
639 547 676 585 2.

212 605 252 669 §.
288 604 337 665 4.
405 603 600 667 Saepius
643 618 751 652 vero
781 598 910 647 domi
953 597 1113 647 calidis
1143 595 1322 645 balneis
1362 594 1563 643 uteban-

144 680 223 718 tur
242 708 254 728 ‚
287 667 413 716 unde
460 667 712 715 Diomedes
745 676 792 713 et
818 665 1015 729 ‘Ulysses
1032 702 1043 720 ‚
1079 677 1197 728 quos
1223 678 1364 728 supra
1388 678 1564 709 memo·

146 737 376 795 ravimus,
410 742 655 816 nostquam
683 733 800 779 mari
830 748 878 778 se
911 730 1194 786 abluissent,

267 802 350 855 ”Eg
382 799 408 862 ῥ
460 804 688 860 ἀσαμίνθους
720 800 857 856 βάντες
888 797 1066 850 ἐϋξέστας
1092 798 1264 841 λούσαντο
1287 792 1325 836 5.

150 864 318 933 quibus
363 864 503 911 maris
539 881 703 928 spuma
752 872 798 909 et
829 862 1045 909 sordibus
1084 877 1251 924 corpus
1295 866 1562 926 purgarent.

148 929 480 981 Andromache
507 946 675 995 aquam
706 927 859 975 lebete
883 926 1082 974 calefieri
1121 934 1252 972 curat

283 1029 851 1046 ............
881 992 982 1057 ’ὄφρα
1005 995 1146 1039 πελειτο

258 1062 426 1125 ’Έκτορι
459 1065 580 1120 θερμοὶ
606 1062 740 1122 λοετρὰ
772 1062 902 1121 μα’χης
933 1060 979 1104 ἐκ
1007 1065 1225 1111 νοστήσαντι
1246 1056 1285 1102 4.

149 1125 320 1174 Nestor
366 1125 428 1173 ad
468 1124 775 1175 Machaonem
820 1123 1112 1173 vulneratum
1135 1159 1151 1182 ,
1194 1120 1307 1172 bibe
1326 1157 1341 1182 ,
1391 1118 1572 1188 inquit,

150 1198 285 1241 αἴθοπα
318 1189 407 1242 οἶνον

281 1259 426 1305 Εἱσόκε
456 1260 578 1319 θερμὰ
601 1259 734 1318 λοετρὰ
758 1255 986 1318 ἐϋπλόκαμος
1004 1255 1207 1317 Ἑκαμήδη

288 1326 469 1386 &waiva
492 1322 530 1368 ⁵·

149 1389 484 1438 Telemachum
528 1386 643 1436 lavit
681 1385 881 1453 pulchra
917 1386 1193 1452 Polycaste,
1233 1381 1442 1434 Nestoris
1479 1384 1573 1435 filia

152 1464 262 1504 natu
287 1454 484 1501 minima
504 1471 517 1501 :

256 1567 259 1571 ,
291 1519 425 1584 Αὐτὰρ
448 1521 528 1566 ἐπεὶ
551 1521 676 1568 λοῦσέν
701 1539 743 1566 τε
760 1556 772 1576 ,
806 1524 869 1565 καὶ
891 1516 1046 1580 ’ἔχρισεν
1069 1517 1144 1564 λίπ’
1170 1517 1287 1580 ἐλαίῳ
1302 1553 1314 1576 ,

281 1585 402 1650 Ἀμφὶ
431 1586 472 1632 δέ
498 1606 563 1647 μιν
591 1596 703 1649 φᾶρος
729 1587 840 1630 καλὸν
866 1586 985 1641 βάλεν
1012 1583 1076 1635 ἠδὲ
1105 1594 1245 1643 χιτῶνα
1267 1584 1306 1629 6.

152 1648 340 1699 Puellae
377 1650 504 1696 enim
534 1649 811 1715 plerumque
848 1646 1034 1696 lavandi
1073 1656 1121 1694 et
1152 1646 1391 1708 unguendi
1421 1646 1574 1695 officio

154 1713 470 1780 fungebantur
486 1752 498 1773 ‚
523 1715 723 1780 lotisque
741 1723 787 1760 et
810 1715 964 1760 unctis
985 1722 1135 1760 vestes
1163 1712 1424 1760 induendas
1440 1730 1573 1778 prae-

154 1781 331 1828 bebant
351 1818 362 1839 ,
399 1779 525 1844 quod
554 1780 607 1827 in
635 1780 730 1826 vita
760 1778 946 1827 heroica
980 1777 1051 1826 nil
1080 1777 1246 1824 habuit
1273 1778 1400 1842 quod
1430 1779 1576 1826 offen-

156 1846 288 1893 deret
338 1846 532 1908 regiisve
584 1843 769 1891 filiabus
816 1844 1059 1907 indignum
1103 1842 1368 1892 haberetur.
1448 1844 1577 1904 Quin

156 1913 324 1971 immo;
353 1928 434 1957 sua
455 1912 505 1956 in
524 1910 648 1957 Deos
667 1909 1025 1968 transferentes,
1061 1908 1216 1955 Hebae
1246 1910 1335 1973 ipsi
1370 1908 1486 1956 illud
1526 1910 1578 1956 in

157 1976 286 2024 coelo
315 1975 626 2023 ministerium
658 1974 954 2035 tribuerunt,
990 1983 1044 2023 ut
1072 1983 1233 2023 monet
1261 1978 1433 2036 Poeta,
1470 1975 1579 2042 qui,

160 2041 275 2091 belli
306 2042 459 2090 Deum
480 2079 490 2098 ‚
526 2042 680 2107 inquit
697 2079 709 2101 ,

348 2144 360 2154 .
405 2143 417 2153 .
447 2110 563 2166 “Hssa
586 2112 690 2154 λοῦσε
710 2144 722 2165 ,
759 2114 940 2170 χαρίεντα
968 2109 1007 2156 δὲ
1030 2113 1170 2167 εἵματα
1197 2108 1287 2154 ἕσσε
1312 2117 1349 2156 7.

162 2172 343 2222 Eodem
398 2189 592 2221 munere
643 2172 752 2221 alibi
796 2173 993 2238 famulae
1035 2171 1388 2236 fungebantur,
1436 2183 1490 2222 ut
1528 2174 1579 2222 in

1456 2241 1587 2291 Itha-

211 2368 249 2413 ι)
274 2369 313 2404 L.
334 2369 365 2405 I.
396 2382 430 2416 p.
452 2372 509 2408 24.
535 2371 574 2406 C.
623 2371 676 2407 Cf.
714 2369 876 2407 Eustath.
910 2368 954 2402 ad
987 2368 1030 2409 ΙΙ,
1059 2370 1084 2408 1.
1114 2369 1138 2408 1.
1171 2378 1206 2407 et
1236 2370 1331 2409 dicta
1363 2370 1404 2407 L.
1428 2381 1461 2407 ι.
1494 2380 1524 2405 c.
1546 2368 1581 2410 5,

166 2423 250 2459 vid.
283 2431 318 2459 et
348 2424 413 2462 Od.
438 2426 511 2471 VI,
535 2428 591 2462 85.
629 2426 685 2462 cll.
719 2439 764 2460 vs.
792 2439 831 2471 91
867 2435 962 2468 seqq.
1079 2426 1118 2470 2)
1143 2425 1188 2460 Il.
1213 2425 1311 2469 XXI,
1345 2426 1425 2459 560.
1472 2422 1525 2457 De
1549 2428 1588 2464 v,

164 2478 404 2522 ἀποψυχθεὶς
426 2481 494 2514 vid·
522 2481 634 2526 Heyn.
672 2489 706 2515 et
730 2480 839 2525 Kiipp.
874 2478 915 2512 ad
941 2478 983 2515 Il,
1006 2479 1074 2525 XI,
1098 2482 1176 2518 620.
1294 2480 1333 2524 3)
1356 2479 1399 2514 Il.
1426 2478 1477 2523 X,
1500 2480 1582 2524 576.

166 2531 221 2569 Cf.
246 2532 336 2566 infra
359 2546 389 2571 c.
413 2548 466 2571 n.
493 2538 524 2582 ς,
545 2538 579 2571 4.
668 2536 722 2578 “4)
748 2535 792 2571 Il.
811 2533 930 2574 XXII,
952 2535 1021 2568 443
1040 2546 1111 2579 seq.
1213 2534 1252 2580 5)
1278 2534 1321 2570 Il.
1347 2533 1451 2580 XIV,
1475 2535 1495 2568 6
1511 2543 1584 2579 seq,

165 2586 205 2630 6)
229 2586 295 2623 Od.
315 2586 393 2633 ΙΙΙ,
416 2591 485 2625 464
513 2603 583 2637 seq.
629 2589 759 2625 Eadem
793 2597 977 2626 occurrunt
998 2588 1062 2624 Od.
1095 2588 1207 2634 VIII,
1243 2591 1312 2625 454
1341 2601 1413 2634 seq.
1461 2587 1516 2623 Cf.
1540 2587 1584 2623 d·

165 2641 379 2731 {micantibus
400 2643 465 2732 0¹31.
488 2644 525 2682 L.
548 2643 570 2683 l.
597 2657 645 2683 vs.
663 2646 729 2692 249
747 2656 841 2692 seqq.
971 2644 1009 2691 7)
1034 2643 1076 2681 11.
1102 2642 1157 2688 V,
1181 2644 1260 2689 905.
1285 2642 1332 2681 al.
1378 2642 1431 2681 Cf.
1456 2642 1586 2684 Athen.

188 2723 204 2737 ,.
247 2720 258 2734 .
282 2708 315 2742 p·
340 2708 392 2734 ιο.
450 2724 461 2738 .

1114 2770 1198 2809 114
