1750 3116
486 137 713 179 opuntis
759 134 1192 174 coNSPEC'rus.
1428 150 1549 181 nm,

228 257 260 304 -ς
287 267 325 297 η.
369 255 422 290 D'e
442 252 661 296 πεφὼαιζ,
681 254 801 295 quibus
820 245 1008 293 παρθένοι
1033 247 1210 289 praecipne
1229 250 1259 282 in
1280 254 1376 286 rebus
1398 264 1448 288 sa-

207 315 274 346 dis
295 319 394 353 eaput
415 311 604 344 redimitum
626 308 779 342 habuisse
800 307 970 340 videntur.
1115 324 1130 336 .
1260 329 1271 339 .
1359 322 1435 354 pag,
1462 318 1537 357 ¹74·

237 370 274 416 §0
294 379 327 413 5,
369 369 421 402 De
440 367 575 412 χειρῖσι
590 377 624 402 et
636 366 800 409 κνημίσι,
823 365 942 406 quibus
963 367 1076 393 manus
1092 367 1128 391 et
1146 361 1248 400 pedes
1263 371 1371 398 tectos
1395 370 1452 400 ha·

207 427 306 458 hebet
323 425 390 457 ruri
415 426 540 464 degens
562 423 724 456 Laertes:
746 431 815 455 tum
842 421 883 453 de
910 416 1096 456 πέδιλοις,
1119 426 1203 458 quae
1238 425 1276 451 ut
1300 424 1455 455 mortales

207 480 251 513 ita
273 481 338 512 Dei
361 481 499 521 pedibus
517 482 769 514 subnectebant.
846 497 857 509 ι
983 497 996 510 .
1125 494 1139 508 .
1266 497 1278 510 .
1408 499 1421 511 .
1468 489 1542 522 174.

127 536 238 577 capnt
259 537 356 569 V111.
402 537 454 569 De
476 537 585 571 lectis.

239 593 275 638 5.·
296 602 326 625 ι.
375 593 530 625 Cubitum
552 593 630 625 ituri
645 601 757 626 vestes
784 600 909 625 exuunt
923 614 937 632 ,
960 600 1082 632 easque
1107 588 1147 621 ἐκ
1170 586 1358 621 πάσσαλου
1383 597 1456 622 sus-

207 648 361 688 pendisse
389 649 607 682 Telemachus
631 648 765 681 dicitur.
839 668 851 679 .
984 669 995 680 .
1125 669 1139 682 .
1269 668 1281 679 .
1408 669 1421 680 .
1467 646 1541 689 ¹7⁶·

243 704 276 749 §-
300 714 334 738 2.
380 706 483 738 Lecti
499 706 565 738 fere
588 706 687 746 lignei
700 711 810 737 erant:
835 702 877 734 de
906 709 967 742 ee,
992 711 1090 743 quem
1117 704 1180 737 sibi
1206 704 1380 737 fabricavit
1404 705 1454 736 U-

209 757 337 800 lysses,
360 772 394 794 et
414 765 562 805 τρητοῖς
586 761 765 805 λεχέεσσι.
843 781 856 794 .
985 779 997 790 ·
1123 773 1142 794 ·=
1264 783 1275 794 .
1407 781 1418 792 .
1467 768 1539 802 177·

227 817 273 861 ἣ.
297 827 331 857 3.
377 820 488 852 Lectis
517 822 780 854 insternebantur
816 816 971 858 δίμτια,
997 814 1116 860 κώεα,
1141 816 1312 862 χλαῖναι,
1339 815 1453 860 ῥήγεα

207 872 454 920 σιγαλόεντα,
480 877 656 920 τάπητες.
702 877 896 910 Decubituri
921 874 1058 921 χλαῖνῃ
1085 887 1157 910 sese
1179 880 1349 918 tegebant.
1408 898 1422 910 .
1468 876 1541 917 178·

256 931 291 976 ἓ.
314 947 350 978 4.
395 934 580 969 D.tioribus
599 940 728 970 ruerunt
752 931 866 975 λέχεα
885 932 1040 976 nummi,
1065 944 1148 975 quae
1172 934 1319 967 breviter
1333 933 1458 967 descri-

208 993 355 1025 buntur:
378 992 412 1024 in
434 993 522 1025 bello
552 995 667 1025 heroes
696 992 774 1026 fessi
800 994 838 1024 iis
866 994 1079 1032 incumbunt,
1103 1000 1185 1032 quae
1215 997 1347 1029 praesto
1362 996 1458 1021 suntt

209 1047 422 1089 pauperiores
444 1048 476 1079 in
500 1046 588 1080 soliis
607 1049 812 1081 coacervatis
837 1056 870 1082 et
894 1050 1035 1090 pellibus
1054 1056 1206 1083 somnum
1232 1045 1423 1085 carpebant.
1470 1052 1543 1087 179.

127 1103 237 1144 Caput
258 1104 319 1136 IX.
364 1104 418 1136 De
439 1104 606 1136 lavatione
627 1112 662 1136 et
682 1105 853 1137 unctione.

242 1161 276 1206 §-
300 1171 332 1194 ι.
375 1161 429 1193 De
457 1159 589 1199 causis,
612 1160 732 1200 quibus
754 1160 875 1192 factum
899 1167 976 1200 est,
995 1166 1033 1192 ut
1058 1160 1178 1193 heroes
1206 1158 1371 1200 frequenti
1389 1167 1463 1191 cot-

208 1217 299 1258 poris
321 1217 487 1250 lavatione
505 1223 540 1248 et
560 1217 716 1249 unctione
741 1225 923 1250 uterentur.
989 1237 1000 1248 .
1130 1236 1142 1249 .
1271 1236 1284 1249 .
1413 1238 1424 1248 .
1474 1215 1547 1249 181.

242 1273 276 1318 ἓ.
302 1283 337 1306 2.
385 1273 452 1314 Qui
481 1282 499 1304 a
531 1271 658 1312 proelio
681 1273 821 1304 redeunt
851 1280 907 1303 aut
933 1271 1061 1303 aliunde
1089 1270 1230 1311 profecti
1254 1273 1289 1304 in
1321 1272 1462 1312 hospitis

211 1331 312 1362 aedes
339 1329 539 1368 devertunt,
565 1328 717 1360 lavantur
743 1336 778 1360 et
809 1336 1008 1368 unguuntur.
1054 1329 1148 1360 Idem
1172 1327 1299 1369 fiebat,
1330 1329 1465 1369 quoties

210 1383 376 1417 hilaritate
400 1391 585 1424 temporum
609 1382 775 1415 tristitiam
800 1385 922 1423 pellere
943 1385 1114 1419 volebant.
1273 1405 1287 1414 -
1414 1405 1427 1417 .
1474 1386 1549 1419 1820

232 1440 278 1486 §-
302 1450 336 1484 3.
381 1440 479 1481 Aqua
499 1437 705 1479 potissimum
730 1438 812 1470 salsa
832 1448 866 1471 se
887 1439 1064 1472 abluebant
1081 1449 1116 1474 et
1139 1441 1347 1475 reficiebant.
1413 1463 1426 1476 .
1473 1444 1550 1476 182.

242 1499 275 1543 ἓ.
298 1509 336 1539 4.
376 1496 480 1530 Domi
505 1495 634 1535 saepius
654 1493 767 1527 calidis
794 1494 919 1528 balneis
942 1497 994 1528 usi
1014 1506 1102 1530 sunt.
1148 1499 1186 1530 In
1209 1508 1272 1539 qua
1300 1499 1467 1533 lavatione

211 1553 312 1594 eique
341 1552 411 1586 fere
437 1549 587 1591 adjuncta
611 1549 766 1582 unctione
781 1572 793 1589 ‚
816 1550 1010 1585 feminarum
1038 1555 1232 1596 praecipuae
1264 1563 1373 1596 partes
1394 1556 1466 1589 fue-

210 1617 302 1642 runt.
420 1628 432 1641 .
566 1627 577 1638 .
707 1627 718 1639 .
847 1628 859 1639 .
989 1631 1001 1642 .
1131 1630 1143 1642 .
1274 1632 1286 1643 .
1416 1634 1428 1646 .
1475 1614 1553 1653 183·

240 1663 277 1710 §-
300 1671 336 1706 5.
379 1663 463 1695 Post
486 1661 688 1694 lavationem
711 1669 831 1701 corpus
853 1662 1077 1702 inuneebant:
1101 1664 1142 1697 de
1167 1667 1357 1707 unguentis.
1416 1689 1429 1701 .
1476 1670 1550 1710 ¹34·

242 1721 274 1767 ἓ.
296 1720 334 1754 6.
377 1718 475 1751 Lotis
507 1726 542 1750 et
571 1719 679 1750 unctis
708 1719 845 1752 advenis
876 1728 989 1754 vestes
1014 1720 1234 1754 afferebantur
1269 1733 1286 1755 a
1323 1724 1467 1764 puellis,

217 1786 300 1817 quas
321 1775 378 1810 vel
396 1775 486 1814 ipsae
500 1775 553 1807 vel
569 1776 705 1808 ancillae
735 1777 843 1809 lavare
867 1778 1032 1809 solebant.
1074 1776 1232 1809 Candidis
1257 1776 1343 1809 enim
1375 1778 1467 1811 indui

214 1833 392 1865 honestum
427 1831 630 1863 habebatur:
665 1834 756 1872 quod
779 1834 819 1864 de
849 1831 1054 1864 Phaeacibus
1076 1832 1110 1864 in
1136 1832 1252 1872 primis
1287 1835 1464 1869 memoriae

209 1888 380 1930 proditum
400 1893 465 1920 est.
556 1908 569 1920 .
700 1906 714 1918 .
839 1911 856 1922 .
984 1909 998 1922 .
1126 1909 1140 1921 .
1270 1908 1284 1920 .
1413 1911 1427 1924 .
1473 1892 1546 1934 ¹35·

125 1946 237 1988 caput
257 1944 302 1976 X.
347 1943 400 1975 De
423 1950 535 1974 comae
557 1949 687 1976 ornatu.

243 2001 276 2047 §-
300 2009 333 2033 1·
379 1998 484 2031 Coma
507 1995 622 2031 alenda
646 2005 680 2031 et
703 1998 845 2031 ornanda
860 1997 979 2031 Graeci
1004 1998 1090 2031 haud
1116 2007 1228 2039 parum
1250 2000 1381 2036 decoris
1399 2004 1463 2037 sibi

212 2055 384 2090 conciliari
406 2054 651 2088 existimabant.
697 2078 708 2089 .
839 2078 851 2090 .
983 2076 994 2088 .
1123 2076 1135 2088 .
1265 2080 1278 2092 .
1405 2083 1418 2094 ,
1472 2065 1544 2105 ,g7,

245 2111 279 2157 g.
302 2120 338 2144 ε.
381 2110 483 2142 Flava
512 2110 702 2150 praesertim
734 2120 830 2144 coma
859 2110 1023 2144 celebrata
1045 2118 1098 2144 est
1123 2119 1158 2144 et
1182 2113 1278 2155 crispi
1301 2117 1422 2156 capilli.
1470 2121 1544 2162 ¹37·

246 2167 283 2212 5.
306 2174 340 2206 3.
386 2166 424 2197 In
447 2164 616 2198 cincinnos
635 2175 746 2199 comas
763 2175 840 2207 apte
860 2169 1120 2208 componebant,
1144 2179 1267 2210 eosque
1285 2173 1390 2205 aureis
1405 2175 1458 2207 vel

211 2220 378 2264 argenteis
402 2219 511 2254 fasciis
532 2220 734 2254 vinciebant.
779 2223 833 2254 De
859 2222 973 2254 Paride
1006 2224 1164 2262 quaedam
1190 2227 1460 2262 animadvertun-

217 2285 297 2315 tur,
330 2278 387 2320 qui
407 2275 495 2321 κέρα
520 2276 655 2319 ἀγλαός
673 2281 712 2311 ab
741 2279 889 2312 Homero
913 2288 1064 2311 vocatur.
1129 2303 1141 2314 .
1271 2306 1284 2317 .
1410 2308 1423 2318 .
1469 2288 1545 2324 1871

245 2335 277 2380 ἓ.
297 2344 332 2375 4.
377 2335 535 2366 Nonnulli
549 2337 580 2366 in
593 2344 714 2367 certam
729 2335 865 2367 formam
879 2344 991 2367 comas
1009 2338 1257 2375 praecidebantz
1281 2341 1326 2373 ita
1341 2342 1455 2374 Aban-

218 2399 270 2426 tes
294 2389 429 2423 ὄπιθεν
452 2390 675 2434 κομόωντες,
697 2392 844 2424 Thraces
869 2390 1064 2436 ἀκρόκομοι
1087 2395 1308 2429 nominantur.
1408 2419 1420 2430 .
1467 2400 1540 2432 188.

249 2448 285 2494 ἓ.
315 2459 350 2491 5.
394 2450 543 2482 Achilles
568 2458 681 2481 comas
700 2450 859 2483 abscissas
888 2450 1057 2496 ἀπαρχάς
1085 2451 1190 2493 patrio
1212 2449 1338 2482 flumini
1361 2453 1459 2484 obtu-

218 2505 281 2544 lit,
309 2512 346 2538 ut
376 2506 477 2546 patris
503 2513 620 2536 votum
662 2504 833 2546 solveret,
863 2516 930 2548 quo
956 2510 1009 2542 ille
1040 2509 1099 2541 filii
1133 2516 1270 2547 comas,
1305 2507 1334 2538 si
1361 2509 1457 2540 vivus

221 2563 357 2594 domum
382 2561 551 2599 rediisset,
578 2559 741 2601 Sperchio
762 2564 999 2596 consecrandas
1023 2570 1224 2604 susceperat.
1271 2583 1283 2594 .
1411 2581 1424 2594 .
1469 2566 1541 2606 189.

132 2617 243 2660 caput
263 2618 326 2650 XI.
370 2618 422 2651 De
446 2618 561 2650 domo.

1452 2675 1484 2717 S·
1515 2692 1544 2717 ι.
