1780 3120
528 180 1102 231 HOME'RICA.
1431 183 1526 233 313

118 316 257 366 etiam
284 309 498 377 πρυμνήσια
536 311 756 361 dicuntur
776 350 788 369 ,
834 313 1023 361 navium
1051 311 1100 357 in
1134 310 1267 358 litore
1298 313 1528 362 retinacu-

120 381 163 428 la
186 391 221 428 ².
288 380 374 428 cui
403 381 679 437 sententiae,
711 378 922 444 quamvis
955 378 1089 424 multi
1124 377 1174 423 in
1211 378 1415 424 Homero
1455 379 1532 425 lo-

122 447 165 495 ci
193 446 400 503 faveant,
435 461 554 490 unus
589 443 736 491 obstat
772 442 1007 508 Odysseae
1033 459 1214 501 versus,
1247 460 1337 507 quo
1359 443 1535 495 dlversi

125 509 239 577 quid
275 520 474 572 utraque
501 526 610 558 voce
641 509 890 573 significari
921 508 1103 555 videtur
1125 520 1160 554 ².

190 574 227 638 ξ.
264 578 310 636 4.
380 577 452 623 De
482 576 670 622 navium
698 573 907 639 partibus
936 574 1048 620 hacc
1077 573 1337 620 sufficiant:
1375 572 1434 619 ad
1464 590 1538 629 re-f,

126 639 251 704 liqna
280 656 538 705 pergamus.
609 641 700 686 Per
725 656 849 686 marc
874 639 963 686 iter
987 639 1149 685 facturi
1169 656 1334 694 naves,
1369 637 1545 686 retina-Q

131 705 247 752 culis
274 704 431 753 solutis
449 743 460 763 ,
490 704 782 752 deducebant
798 742 808 761 ,
836 703 1007 750 malum
1032 703 1270 767 erigebant
1292 706 1424 770 eique
1443 702 1542 752 vela

130 771 414 834 adaptabant
463 779 509 817 et
541 770 697 816 funes:
745 769 802 815 de
847 768 1015 832 quibus
1061 770 1178 816 infra
1203 770 1239 817 5.
1309 771 1402 817 Sed
1432 770 1547 816 infi-

134 836 195 882 do
245 837 362 881 mari
403 835 760 900 haudquaquam
815 850 913 880 sese
965 836 1249 882 commisisse
1297 834 1545 892 videntur,

133 900 404 974 priusquam
439 901 537 948 Diis
573 899 765 946 libatum
811 907 929 945 esset
976 901 1121 966 iisque
1168 901 1242 965 pia
1290 910 1392 946 vota
1421 900 1552 947 fecis·

137 975 268 1021 sent,
306 975 356 1011 ut
384 965 717 1013 immortalium
762 964 901 1011 tutela
924 964 1029 1011 freti
1063 972 1197 1029 ἱκμέυῳ
1227 969 1325 1029 οὔρῳ
1364 975 1551 1013 uteren-

139 1041 214 1078 tur
236 1032 259 1065 4
294 1039 340 1077 et
370 1029 508 1088 salvi,
537 1047 628 1095 quo
660 1031 930 1088 tenderent,
959 1032 1265 1094 pervenirent.
1333 1029 1470 1091 Quod
1495 1048 1551 1078 eo

142 1098 284 1159 magis
316 1114 342 1149 a
372 1095 592 1159 religiosis
629 1095 766 1160 hujus
814 1096 912 1142 aevi
955 1095 1226 1142 hominibus
1271 1097 1441 1143 factum
1483 1115 1555 1144 ar-

142 1162 396 1219 bitramur,
433 1159 559 1226 quod
591 1160 807 1207 omnibus
835 1160 927 1206 fere
954 1160 1128 1209 artibus
1165 1162 1407 1220 carebant,
1440 1179 1556 1225 quae

148 1227 386 1275 audaciam
444 1225 709 1273 mortalium
757 1226 921 1273 animis
967 1225 1138 1272 addere
1184 1227 1347 1273 solent.
1429 1228 1555 1288 Quas

149 1310 258 1341 cum
295 1291 582 1355 ignorarent,
630 1292 903 1356 plerumque
951 1290 1081 1338 litora
1115 1301 1294 1339 tantum
1342 1291 1555 1358 legebant

147 1368 227 1417 et,
263 1366 487 1422 quantum
534 1357 727 1414 licebat,
764 1356 967 1403 interdiu
1002 1356 1101 1404 vela
1145 1357 1387 1405 faciebant.
1454 1359 1555 1406 Nec

150 1434 307 1471 tamen
327 1460 338 1480 ,
371 1422 453 1469 ubi
475 1431 612 1469 noctu
640 1440 723 1488 per
755 1438 880 1468 mare
915 1421 1140 1486 pergendi
1164 1425 1413 1470 necessitas
1449 1423 1560 1470 ade-

150 1498 249 1546 rat,
275 1488 402 1534 omni
429 1487 701 1554 adjumento
732 1486 942 1534 destituti
968 1488 1105 1534 fuisse
1125 1487 1352 1535 videntur.
1423 1490 1558 1540 Astra

153 1555 279 1605 enim
331 1570 414 1619 per
458 1562 643 1600 noctem
686 1552 992 1599 observabant
1036 1553 1182 1619 iisque
1226 1553 1422 1604 ducibus
1461 1565 1561 1604 ute-

153 1623 351 1676 bantur,
385 1628 436 1665 ut
473 1617 532 1664 de
564 1618 757 1681 Ulysse,
806 1617 1031 1682 Calypsus
1079 1619 1268 1665 monitis
1311 1620 1561 1684 obsecuto,

155 1684 406 1736 memoriae
457 1682 663 1748 prodidit
703 1684 949 1733 Homerus.
1020 1682 1098 1732 Illi
1121 1684 1299 1733 scilieet
1327 1685 1453 1734 clavo
1479 1706 1562 1736 na.

152 1767 263 1802 vem
292 1751 406 1797 scite
441 1749 719 1815 gubernanti

288 1847 300 1860 .
339 1849 351 1861 .
389 1850 401 1862 .
438 1850 449 1861 .
483 1816 564 1860 033}
595 1850 606 1861 .
643 1850 654 1860 .
687 1818 792 1867 ὕπνος
815 1818 874 1859 ε’πί
900 1817 1137 1876 βλεφάροισιν
1166 1818 1326 1877 ἔπιπτε,

292 1882 487 1934 Πληϊάδας
516 1878 548 1926 τ’
575 1879 776 1941 ἐσορῶντι,
812 1885 875 1924 καί
894 1884 957 1941 ε”ζιὲ
981 1882 1109 1927 θύοντα
1135 1885 1307 1938 Βοώτην,

258 1943 426 2006 '‘Agar-⁴:⁵⁸)
459 1943 510 2000 θ’,
546 1946 589 1999 ἣν
619 1951 681 1990 καὶ
705 1944 859 2004 ἅμαξαν
890 1950 1080 1992 ἐπίκλησιν
1111 1951 1298 1994 καλέουσιν
1317 1986 1329 2007 ,

269 2013 328 2057 “H
360 2008 394 2056 τ’
413 2013 523 2055 αὑτοῦ
549 2017 743 2074 στρέφεται
760 2047 770 2066 ,
806 2015 869 2055 καί
894 2010 927 2055 τ’
956 2014 1118 2072 Ὠρίωνα
1146 2016 1301 2060 δοκεύει·

294 2080 371 2131 0ἶή
395 2073 432 2121 cl’
453 2073 618 2138 ἄμμορος
653 2081 733 2122 ε’στί
759 2079 912 2138 λοετρῶν
940 2075 1141 2134 Ὠκεανοῖο.

291 2147 371 2195 Τὴν
395 2146 470 2204 γὰρ
496 2141 541 2193 δή
571 2162 633 2201 μιν
656 2140 775 2203 ἄνωγε
804 2145 975 2203 Καλυψὼ
993 2178 1004 2196 ,
1040 2143 1104 2192 δῖοι
1130 2147 1270 2199 θεάων,

290 2212 644 2270 Πουτοπορευέμευοιι
668 2203 725 2252 ἐπ’
755 2213 934 2270 &pao-2¹5⁴&
958 2212 1078 2269 χειρὸς
1107 2212 1244 2271 ἔχοντα
1265 2209 1303 2259 5,

1454 2277 1493 2341 ς.
1528 2275 1577 2328 5.

210 2401 247 2445 ι)
270 2402 323 2436 De
342 2400 465 2446 quibus
491 2401 559 2436 vid.
582 2400 616 2436 h.
640 2413 670 2437 c.
695 2403 726 2446 §-
747 2404 786 2445 5,
812 2402 842 2436 6.
869 2402 1027 2446 Legimus
1049 2404 1138 2439 enim
1159 2405 1222 2441 Od.
1243 2404 1294 2449 X,
1320 2417 1392 2450 127.
1410 2406 1481 2439 ἀπὸ
1491 2407 1577 2441 πεῦ-

166 2458 275 2497 σματ’
293 2456 406 2495 ἔκοψα
422 2463 456 2490 et
468 2455 534 2489 Od.
553 2454 654 2499 XIII,
680 2466 734 2500 77.
761 2461 898 2495 πεῖσμα
916 2457 950 2488 δ’
963 2457 1094 2490 ἔλυσαν
1108 2460 1179 2492 ἀπὸ
1203 2465 1352 2504 τρητοῖο
1368 2460 1510 2494 λίθοιο·
1533 2463 1578 2498 ad

168 2523 200 2556 q.
222 2511 246 2546 l.
270 2509 381 2546 Schol.
399 2537 409 2555 ,
430 2515 569 2550 πεῖσμα
583 2538 593 2554 ,
617 2510 884 2555 interpretatur,
908 2513 950 2543 τὸ
971 2511 1143 2554 ‹in-dynam
1167 2514 1337 2557 σχοινίον.
1430 2516 1468 2560 2)
1494 2516 1576 2556 Vid,

167 2564 232 2601 ΟΔ.
255 2563 322 2609 lx,
348 2566 411 2600 156
435 2564 491 2601 cll.
515 2577 562 2600 vs.
590 2566 662 2609 137.
684 2572 718 2598 et
733 2565 916 2599 Paswv-in
930 2578 959 2602 v.
979 2572 1130 2607 πεῖσμα,
1222 2567 1259 2610 5)
1286 2567 1364 2604 vid.
1389 2568 1424 2605 h.
1447 2582 1477 2606 c.
1499 2575 1531 2619 (j,
1547 2586 1580 2619 7,

168 2619 208 2660 4)
234 2618 302 2652 Ubi
328 2620 468 2663 γαλήνη
502 2619 634 2652 ἔπλετο
667 2621 820 2661 νηνεμίη
858 2619 948 2654 malo
981 2622 1130 2666 velisque
1157 2620 1282 2655 demtis
1320 2623 1424 2658 remis
1454 2634 1582 2663 nautae

171 2672 424 2706 incumbebant.
472 2673 552 2708 Vid.
574 2673 637 2708 Od.
656 2673 744 2716 XII,
769 2675 832 2708 168
854 2685 946 2719 seqq.
970 2682 1005 2709 et
1028 2674 1072 2709 11.
1094 2674 1161 2708 VII
1176 2702 1186 2718 ,
1209 2676 1230 2709 5
1254 2688 1347 2722 seqq.
1453 2680 1491 2723 5)
1515 2682 1582 2718 Od,

171 2727 225 2772 V,
249 2740 310 2773 ²7²
336 2740 429 2776 seqq.
488 2727 542 2765 Cf.
576 2727 710 2772 Goguet
741 2727 803 2774 Op.
839 2727 865 2763 l·
897 2728 1013 2766 vol.1.
1048 2742 1081 2776 p.
1098 2730 1164 2765 245
1186 2740 1280 2776 seqq.
1314 2730 1379 2768 vol.
1399 2732 1445 2771 11.
1469 2747 1503 2780 p·
1531 2748 1581 2774 m.

1145 2781 1175 2818 Υ
1198 2784 1219 2818 5
1522 2790 1590 2826 304
