<?xml version="1.0" encoding="UTF-8"?>
<!DOCTYPE html PUBLIC "-//W3C//DTD XHTML 1.0 Transitional//EN"
    "http://www.w3.org/TR/xhtml1/DTD/xhtml1-transitional.dtd">
<html xmlns="http://www.w3.org/1999/xhtml" xml:lang="en" lang="en">
 <head>
  <title>
</title>
<meta http-equiv="Content-Type" content="text/html;charset=utf-8" />
  <meta name='ocr-system' content='tesseract 3.04.00' />
  <meta name='ocr-capabilities' content='ocr_page ocr_carea ocr_par ocr_line ocrx_word'/>
</head>
<body>
  <div class='ocr_page' id='page_1' title='image "antiquitashomeri00terpuoft_0129.png"; bbox 0 0 1780 3120; ppageno 0'>
   <div class='ocr_carea' id='block_1_1' title="bbox 544 132 1579 217">
    <p class='ocr_par' dir='ltr' id='par_1_1' title="bbox 544 132 1579 217">
     <span class='ocr_line' id='line_1_1' title="bbox 544 132 1579 217; baseline -0.001 0"><span class='ocrx_word' id='word_1_1' title='bbox 544 132 1163 217; x_wconf 55' lang='grc' dir='ltr'>ῃΗΟΝΗΞΒΙΟΑ.</span> <span class='ocrx_word' id='word_1_2' title='bbox 1514 165 1579 216; x_wconf 72' lang='lat'>85</span> 
     </span>
    </p>
   </div>
   <div class='ocr_carea' id='block_1_2' title="bbox 165 293 1593 1587">
    <p class='ocr_par' dir='ltr' id='par_1_2' title="bbox 165 293 1578 485">
     <span class='ocr_line' id='line_1_2' title="bbox 165 293 1573 368; baseline -0.007 -13"><span class='ocrx_word' id='word_1_3' title='bbox 165 299 378 368; x_wconf 76' lang='lat' dir='ltr'>&#39;Uterque</span> <span class='ocrx_word' id='word_1_4' title='bbox 398 300 450 349; x_wconf 89' lang='lat' dir='ltr'>in</span> <span class='ocrx_word' id='word_1_5' title='bbox 478 315 727 347; x_wconf 86' lang='lat' dir='ltr'>remsuam</span> <span class='ocrx_word' id='word_1_6' title='bbox 760 304 902 344; x_wconf 83' lang='lat' dir='ltr'>testes</span> <span class='ocrx_word' id='word_1_7' title='bbox 942 293 1196 342; x_wconf 82' lang='lat' dir='ltr'><strong>adhibebat</strong></span> <span class='ocrx_word' id='word_1_8' title='bbox 1219 331 1232 352; x_wconf 89' lang='lat'>‚</span> <span class='ocrx_word' id='word_1_9' title='bbox 1266 313 1460 359; x_wconf 88' lang='lat' dir='ltr'>quorum</span> <span class='ocrx_word' id='word_1_10' title='bbox 1500 305 1573 345; x_wconf 62' lang='lat' dir='ltr'>te·</span> 
     </span>
     <span class='ocr_line' id='line_1_3' title="bbox 172 360 1578 428; baseline -0.004 -11"><span class='ocrx_word' id='word_1_11' title='bbox 172 368 390 417; x_wconf 76' lang='lat' dir='ltr'>stimonio</span> <span class='ocrx_word' id='word_1_12' title='bbox 420 366 477 414; x_wconf 89' lang='lat' dir='ltr'>lis</span> <span class='ocrx_word' id='word_1_13' title='bbox 508 363 663 412; x_wconf 85' lang='lat' dir='ltr'>dirimi</span> <span class='ocrx_word' id='word_1_14' title='bbox 690 372 737 410; x_wconf 88' lang='lat' dir='ltr'>et</span> <span class='ocrx_word' id='word_1_15' title='bbox 765 379 790 408; x_wconf 88' lang='lat' dir='ltr'>a</span> <span class='ocrx_word' id='word_1_16' title='bbox 818 360 1050 428; x_wconf 84' lang='lat' dir='ltr'>judicibus</span> <span class='ocrx_word' id='word_1_17' title='bbox 1069 361 1297 408; x_wconf 86' lang='lat' dir='ltr'>sententia</span> <span class='ocrx_word' id='word_1_18' title='bbox 1327 362 1435 409; x_wconf 88' lang='lat' dir='ltr'>ferri</span> <span class='ocrx_word' id='word_1_19' title='bbox 1461 362 1578 412; x_wconf 89' lang='lat' dir='ltr'>sole-</span> 
     </span>
     <span class='ocr_line' id='line_1_4' title="bbox 171 433 308 485; baseline -0.015 -5"><span class='ocrx_word' id='word_1_20' title='bbox 171 433 252 485; x_wconf 80' lang='lat' dir='ltr'>hat</span> <span class='ocrx_word' id='word_1_21' title='bbox 276 443 308 478; x_wconf 84' lang='lat'>².</span> 
     </span>
    </p>

    <p class='ocr_par' dir='ltr' id='par_1_3' title="bbox 168 492 1585 823">
     <span class='ocr_line' id='line_1_5' title="bbox 233 492 1576 560; baseline -0.004 -16"><span class='ocrx_word' id='word_1_22' title='bbox 233 498 270 560; x_wconf 85' lang='lat'>§.</span> <span class='ocrx_word' id='word_1_23' title='bbox 307 496 377 545; x_wconf 41' lang='lat'>3(</span> <span class='ocrx_word' id='word_1_24' title='bbox 419 496 598 544; x_wconf 78' lang='lat' dir='ltr'>Judicia</span> <span class='ocrx_word' id='word_1_25' title='bbox 629 492 904 542; x_wconf 81' lang='lat' dir='ltr'>exercebant</span> <span class='ocrx_word' id='word_1_26' title='bbox 934 499 1116 554; x_wconf 63' lang='grc' dir='ltr'><em>γέρεντες,</em></span> <span class='ocrx_word' id='word_1_27' title='bbox 1151 492 1256 557; x_wconf 89' lang='lat' dir='ltr'>qui,</span> <span class='ocrx_word' id='word_1_28' title='bbox 1293 498 1344 536; x_wconf 86' lang='lat' dir='ltr'>ut</span> <span class='ocrx_word' id='word_1_29' title='bbox 1370 492 1465 555; x_wconf 82' lang='lat' dir='ltr'>regi</span> <span class='ocrx_word' id='word_1_30' title='bbox 1491 511 1576 556; x_wconf 89' lang='lat' dir='ltr'>pro</span> 
     </span>
     <span class='ocr_line' id='line_1_6' title="bbox 170 557 1582 626; baseline -0.004 -17"><span class='ocrx_word' id='word_1_31' title='bbox 170 571 331 609; x_wconf 79' lang='lat' dir='ltr'>senatu</span> <span class='ocrx_word' id='word_1_32' title='bbox 362 573 520 625; x_wconf 83' lang='lat' dir='ltr'>erant,</span> <span class='ocrx_word' id='word_1_33' title='bbox 560 565 621 610; x_wconf 86' lang='lat' dir='ltr'>ita</span> <span class='ocrx_word' id='word_1_34' title='bbox 655 562 768 626; x_wconf 75' lang='lat' dir='ltr'>juris</span> <span class='ocrx_word' id='word_1_35' title='bbox 802 561 937 604; x_wconf 80' lang='lat' dir='ltr'>etiam</span> <span class='ocrx_word' id='word_1_36' title='bbox 976 557 1167 604; x_wconf 84' lang='lat' dir='ltr'>dicundi</span> <span class='ocrx_word' id='word_1_37' title='bbox 1211 566 1433 621; x_wconf 77' lang='lat' dir='ltr'>potestate</span> <span class='ocrx_word' id='word_1_38' title='bbox 1474 575 1582 620; x_wconf 81' lang='lat' dir='ltr'>gau-</span> 
     </span>
     <span class='ocr_line' id='line_1_7' title="bbox 168 623 1579 688; baseline -0.003 -14"><span class='ocrx_word' id='word_1_39' title='bbox 168 626 354 674; x_wconf 82' lang='lat' dir='ltr'>debant.</span> <span class='ocrx_word' id='word_1_40' title='bbox 421 627 635 674; x_wconf 84' lang='lat' dir='ltr'>Praeerat</span> <span class='ocrx_word' id='word_1_41' title='bbox 670 627 756 672; x_wconf 68' lang='lat' dir='ltr'>iliis</span> <span class='ocrx_word' id='word_1_42' title='bbox 777 663 787 682; x_wconf 92' lang='lat'><strong>‚</strong></span> <span class='ocrx_word' id='word_1_43' title='bbox 821 633 872 670; x_wconf 84' lang='lat' dir='ltr'>ut</span> <span class='ocrx_word' id='word_1_44' title='bbox 891 640 1100 688; x_wconf 80' lang='lat' dir='ltr'>semper,</span> <span class='ocrx_word' id='word_1_45' title='bbox 1134 627 1309 681; x_wconf 62' lang='grc' dir='ltr'>βασιλεὺς</span> <span class='ocrx_word' id='word_1_46' title='bbox 1328 659 1340 679; x_wconf 84' lang='grc'>,</span> <span class='ocrx_word' id='word_1_47' title='bbox 1370 623 1445 669; x_wconf 85' lang='lat' dir='ltr'>cui</span> <span class='ocrx_word' id='word_1_48' title='bbox 1473 641 1579 670; x_wconf 86' lang='lat' dir='ltr'>cum</span> 
     </span>
     <span class='ocr_line' id='line_1_8' title="bbox 168 688 1585 760; baseline -0.002 -21"><span class='ocrx_word' id='word_1_49' title='bbox 168 689 458 758; x_wconf 84' lang='lat' dir='ltr'>principibus</span> <span class='ocrx_word' id='word_1_50' title='bbox 486 695 534 740; x_wconf 90' lang='lat' dir='ltr'>in</span> <span class='ocrx_word' id='word_1_51' title='bbox 561 693 735 760; x_wconf 78' lang='lat' dir='ltr'>justitia</span> <span class='ocrx_word' id='word_1_52' title='bbox 769 688 942 736; x_wconf 84' lang='lat' dir='ltr'>tuenda</span> <span class='ocrx_word' id='word_1_53' title='bbox 984 688 1112 753; x_wconf 84' lang='lat' dir='ltr'>pacis</span> <span class='ocrx_word' id='word_1_54' title='bbox 1144 697 1353 752; x_wconf 81' lang='lat' dir='ltr'>tempore</span> <span class='ocrx_word' id='word_1_55' title='bbox 1398 688 1585 752; x_wconf 76' lang='lat' dir='ltr'>praeci-</span> 
     </span>
     <span class='ocr_line' id='line_1_9' title="bbox 170 753 1462 823; baseline -0.002 -20"><span class='ocrx_word' id='word_1_56' title='bbox 170 764 311 823; x_wconf 71' lang='lat' dir='ltr'>Puam</span> <span class='ocrx_word' id='word_1_57' title='bbox 335 759 540 805; x_wconf 87' lang='lat' dir='ltr'>muneris</span> <span class='ocrx_word' id='word_1_58' title='bbox 571 765 753 822; x_wconf 87' lang='lat' dir='ltr'>partem</span> <span class='ocrx_word' id='word_1_59' title='bbox 787 753 956 801; x_wconf 83' lang='lat' dir='ltr'>versari</span> <span class='ocrx_word' id='word_1_60' title='bbox 995 771 1137 818; x_wconf 84' lang='lat' dir='ltr'>supra</span> <span class='ocrx_word' id='word_1_61' title='bbox 1157 753 1462 801; x_wconf 87' lang='lat' dir='ltr'>ostendimus.</span> 
     </span>
    </p>

    <p class='ocr_par' dir='ltr' id='par_1_4' title="bbox 300 822 1236 880">
     <span class='ocr_line' id='line_1_10' title="bbox 300 822 1236 880; baseline 0 -13"><span class='ocrx_word' id='word_1_62' title='bbox 300 855 660 871; x_wconf 84' lang='grc'><strong>........</strong></span> <span class='ocrx_word' id='word_1_63' title='bbox 695 822 931 879; x_wconf 73' lang='grc' dir='ltr'>δικασπόλοι,</span> <span class='ocrx_word' id='word_1_64' title='bbox 965 825 1038 866; x_wconf 85' lang='grc' dir='ltr'>οἵτε</span> <span class='ocrx_word' id='word_1_65' title='bbox 1058 824 1236 880; x_wconf 81' lang='grc' dir='ltr'><em>θέμιστας</em></span> 
     </span>
    </p>

    <p class='ocr_par' dir='ltr' id='par_1_5' title="bbox 168 890 1593 1587">
     <span class='ocr_line' id='line_1_11' title="bbox 303 890 769 951; baseline 0.002 -18"><span class='ocrx_word' id='word_1_66' title='bbox 303 890 406 951; x_wconf 70' lang='grc' dir='ltr'><em>Πρὲς</em></span> <span class='ocrx_word' id='word_1_67' title='bbox 432 891 518 942; x_wconf 78' lang='grc' dir='ltr'>Διές</span> <span class='ocrx_word' id='word_1_68' title='bbox 543 891 708 951; x_wconf 70' lang='grc' dir='ltr'><em>εἶρύαται</em></span> <span class='ocrx_word' id='word_1_69' title='bbox 729 897 769 934; x_wconf 77' lang='lat'>2.</span> 
     </span>
     <span class='ocr_line' id='line_1_12' title="bbox 171 949 1585 1017; baseline 0.004 -20"><span class='ocrx_word' id='word_1_70' title='bbox 171 950 208 997; x_wconf 81' lang='lat' dir='ltr'>A</span> <span class='ocrx_word' id='word_1_71' title='bbox 233 963 322 1017; x_wconf 81' lang='lat' dir='ltr'>qua</span> <span class='ocrx_word' id='word_1_72' title='bbox 368 954 536 1000; x_wconf 84' lang='lat' dir='ltr'>summi</span> <span class='ocrx_word' id='word_1_73' title='bbox 569 951 776 999; x_wconf 85' lang='lat' dir='ltr'>numinis</span> <span class='ocrx_word' id='word_1_74' title='bbox 819 949 962 998; x_wconf 79' lang='lat' dir='ltr'>tutela</span> <span class='ocrx_word' id='word_1_75' title='bbox 990 967 1099 998; x_wconf 91' lang='lat' dir='ltr'>cum</span> <span class='ocrx_word' id='word_1_76' title='bbox 1135 949 1336 1015; x_wconf 79' lang='lat' dir='ltr'>justitiae</span> <span class='ocrx_word' id='word_1_77' title='bbox 1369 953 1585 1002; x_wconf 83' lang='lat' dir='ltr'>sanctitas</span> 
     </span>
     <span class='ocr_line' id='line_1_13' title="bbox 168 1015 1586 1081; baseline 0.004 -19"><span class='ocrx_word' id='word_1_78' title='bbox 168 1023 270 1063; x_wconf 89' lang='lat' dir='ltr'>tum</span> <span class='ocrx_word' id='word_1_79' title='bbox 296 1017 528 1081; x_wconf 83' lang='lat' dir='ltr'>judicibus</span> <span class='ocrx_word' id='word_1_80' title='bbox 564 1018 807 1064; x_wconf 86' lang='lat' dir='ltr'>auctoritas</span> <span class='ocrx_word' id='word_1_81' title='bbox 840 1015 1044 1062; x_wconf 80' lang='lat' dir='ltr'>derivata</span> <span class='ocrx_word' id='word_1_82' title='bbox 1077 1015 1453 1064; x_wconf 83' lang='lat' dir='ltr'>confirmabatur.</span> <span class='ocrx_word' id='word_1_83' title='bbox 1519 1021 1586 1077; x_wconf 64' lang='lat' dir='ltr'>Et,</span> 
     </span>
     <span class='ocr_line' id='line_1_14' title="bbox 171 1081 1583 1150; baseline 0.003 -23"><span class='ocrx_word' id='word_1_84' title='bbox 171 1097 279 1128; x_wconf 82' lang='lat' dir='ltr'>vero</span> <span class='ocrx_word' id='word_1_85' title='bbox 322 1099 375 1127; x_wconf 87' lang='lat' dir='ltr'>eo</span> <span class='ocrx_word' id='word_1_86' title='bbox 412 1083 551 1130; x_wconf 83' lang='lat' dir='ltr'>valuit</span> <span class='ocrx_word' id='word_1_87' title='bbox 594 1082 672 1129; x_wconf 84' lang='lat' dir='ltr'>illa</span> <span class='ocrx_word' id='word_1_88' title='bbox 713 1081 896 1144; x_wconf 80' lang='lat' dir='ltr'>religiO,</span> <span class='ocrx_word' id='word_1_89' title='bbox 934 1088 986 1126; x_wconf 87' lang='lat' dir='ltr'>ut</span> <span class='ocrx_word' id='word_1_90' title='bbox 1020 1097 1102 1128; x_wconf 85' lang='lat' dir='ltr'>sua</span> <span class='ocrx_word' id='word_1_91' title='bbox 1148 1082 1347 1148; x_wconf 86' lang='lat' dir='ltr'>justitiae</span> <span class='ocrx_word' id='word_1_92' title='bbox 1391 1085 1583 1150; x_wconf 85' lang='lat' dir='ltr'>ejusque</span> 
     </span>
     <span class='ocr_line' id='line_1_15' title="bbox 170 1145 1586 1210; baseline 0.003 -16"><span class='ocrx_word' id='word_1_93' title='bbox 170 1146 432 1194; x_wconf 82' lang='lat' dir='ltr'>vindicibus</span> <span class='ocrx_word' id='word_1_94' title='bbox 464 1155 695 1195; x_wconf 85' lang='lat' dir='ltr'>constaret</span> <span class='ocrx_word' id='word_1_95' title='bbox 739 1146 971 1208; x_wconf 78' lang='lat' dir='ltr'>dignitas,</span> <span class='ocrx_word' id='word_1_96' title='bbox 1011 1163 1128 1210; x_wconf 85' lang='lat' dir='ltr'>quae</span> <span class='ocrx_word' id='word_1_97' title='bbox 1171 1145 1358 1194; x_wconf 86' lang='lat' dir='ltr'>aliunde</span> <span class='ocrx_word' id='word_1_98' title='bbox 1391 1151 1466 1196; x_wconf 86' lang='lat' dir='ltr'>vix</span> <span class='ocrx_word' id='word_1_99' title='bbox 1506 1159 1586 1198; x_wconf 86' lang='lat' dir='ltr'>aut</span> 
     </span>
     <span class='ocr_line' id='line_1_16' title="bbox 171 1211 1590 1276; baseline 0.004 -19"><span class='ocrx_word' id='word_1_100' title='bbox 171 1228 233 1257; x_wconf 89' lang='lat' dir='ltr'>ne</span> <span class='ocrx_word' id='word_1_101' title='bbox 266 1213 339 1261; x_wconf 88' lang='lat' dir='ltr'>vix</span> <span class='ocrx_word' id='word_1_102' title='bbox 373 1212 562 1276; x_wconf 88' lang='lat' dir='ltr'>quidem</span> <span class='ocrx_word' id='word_1_103' title='bbox 600 1222 713 1259; x_wconf 83' lang='lat' dir='ltr'>tunc</span> <span class='ocrx_word' id='word_1_104' title='bbox 749 1211 969 1274; x_wconf 83' lang='lat' dir='ltr'>temporis</span> <span class='ocrx_word' id='word_1_105' title='bbox 1012 1213 1160 1276; x_wconf 75' lang='lat' dir='ltr'>repeti</span> <span class='ocrx_word' id='word_1_106' title='bbox 1203 1211 1380 1258; x_wconf 89' lang='lat' dir='ltr'>nedum</span> <span class='ocrx_word' id='word_1_107' title='bbox 1423 1217 1590 1262; x_wconf 84' lang='lat' dir='ltr'>confir-</span> 
     </span>
     <span class='ocr_line' id='line_1_17' title="bbox 174 1276 1584 1344; baseline 0.002 -22"><span class='ocrx_word' id='word_1_108' title='bbox 174 1278 291 1322; x_wconf 81' lang='lat' dir='ltr'>mari</span> <span class='ocrx_word' id='word_1_109' title='bbox 327 1280 564 1341; x_wconf 79' lang='lat' dir='ltr'>potuisset.</span> <span class='ocrx_word' id='word_1_110' title='bbox 635 1279 706 1323; x_wconf 87' lang='lat' dir='ltr'>Ex</span> <span class='ocrx_word' id='word_1_111' title='bbox 749 1276 939 1322; x_wconf 74' lang='lat' dir='ltr'>rationis</span> <span class='ocrx_word' id='word_1_112' title='bbox 986 1277 1112 1322; x_wconf 78' lang='lat' dir='ltr'>enim</span> <span class='ocrx_word' id='word_1_113' title='bbox 1147 1279 1400 1340; x_wconf 83' lang='lat' dir='ltr'>aequitate,</span> <span class='ocrx_word' id='word_1_114' title='bbox 1435 1284 1584 1344; x_wconf 78' lang='lat' dir='ltr'>majo-</span> 
     </span>
     <span class='ocr_line' id='line_1_18' title="bbox 174 1340 1584 1392; baseline 0.004 -5"><span class='ocrx_word' id='word_1_115' title='bbox 174 1358 278 1387; x_wconf 88' lang='lat' dir='ltr'>rum</span> <span class='ocrx_word' id='word_1_116' title='bbox 309 1343 526 1390; x_wconf 81' lang='lat' dir='ltr'>institutis</span> <span class='ocrx_word' id='word_1_117' title='bbox 558 1352 606 1388; x_wconf 86' lang='lat' dir='ltr'>et</span> <span class='ocrx_word' id='word_1_118' title='bbox 636 1343 823 1388; x_wconf 78' lang='lat' dir='ltr'>testium</span> <span class='ocrx_word' id='word_1_119' title='bbox 870 1340 1052 1387; x_wconf 87' lang='lat' dir='ltr'>indiciis</span> <span class='ocrx_word' id='word_1_120' title='bbox 1097 1345 1430 1389; x_wconf 78' lang='lat' dir='ltr'>controversiae</span> <span class='ocrx_word' id='word_1_121' title='bbox 1469 1344 1584 1392; x_wconf 84' lang='lat' dir='ltr'>diri-</span> 
     </span>
     <span class='ocr_line' id='line_1_19' title="bbox 174 1407 1593 1474; baseline 0.003 -22"><span class='ocrx_word' id='word_1_122' title='bbox 174 1407 442 1454; x_wconf 85' lang='lat' dir='ltr'>mebantur:</span> <span class='ocrx_word' id='word_1_123' title='bbox 494 1408 614 1471; x_wconf 82' lang='lat' dir='ltr'>leges</span> <span class='ocrx_word' id='word_1_124' title='bbox 663 1422 790 1453; x_wconf 77' lang='lat' dir='ltr'>rurae</span> <span class='ocrx_word' id='word_1_125' title='bbox 825 1414 955 1451; x_wconf 81' lang='lat' dir='ltr'>erant</span> <span class='ocrx_word' id='word_1_126' title='bbox 989 1413 1068 1452; x_wconf 80' lang='lat' dir='ltr'>aut</span> <span class='ocrx_word' id='word_1_127' title='bbox 1106 1407 1289 1461; x_wconf 83' lang='lat' dir='ltr'>nullae,</span> <span class='ocrx_word' id='word_1_128' title='bbox 1327 1407 1452 1454; x_wconf 82' lang='lat' dir='ltr'>unde</span> <span class='ocrx_word' id='word_1_129' title='bbox 1495 1420 1593 1474; x_wconf 25' lang='lat' dir='ltr'>est,-</span> 
     </span>
     <span class='ocr_line' id='line_1_20' title="bbox 174 1471 1592 1536; baseline 0.004 -20"><span class='ocrx_word' id='word_1_130' title='bbox 174 1471 302 1536; x_wconf 85' lang='lat' dir='ltr'>quod</span> <span class='ocrx_word' id='word_1_131' title='bbox 337 1473 395 1520; x_wconf 83' lang='lat' dir='ltr'>ab</span> <span class='ocrx_word' id='word_1_132' title='bbox 428 1475 631 1520; x_wconf 82' lang='lat' dir='ltr'>Homero</span> <span class='ocrx_word' id='word_1_133' title='bbox 668 1477 844 1534; x_wconf 76' lang='grc' dir='ltr'><em>θέμιστας</em></span> <span class='ocrx_word' id='word_1_134' title='bbox 876 1487 975 1517; x_wconf 87' lang='lat' dir='ltr'>non</span> <span class='ocrx_word' id='word_1_135' title='bbox 1009 1479 1134 1533; x_wconf 72' lang='grc' dir='ltr'><em>νόμους</em></span> <span class='ocrx_word' id='word_1_136' title='bbox 1172 1472 1399 1522; x_wconf 80' lang='lat' dir='ltr'>celebrari</span> <span class='ocrx_word' id='word_1_137' title='bbox 1435 1474 1592 1525; x_wconf 43' lang='lat' dir='ltr'>observ,</span> 
     </span>
     <span class='ocr_line' id='line_1_21' title="bbox 176 1532 568 1587; baseline 0 -3"><span class='ocrx_word' id='word_1_138' title='bbox 176 1547 338 1585; x_wconf 84' lang='lat' dir='ltr'>varunt</span> <span class='ocrx_word' id='word_1_139' title='bbox 360 1532 507 1587; x_wconf 80' lang='lat' dir='ltr'>critici</span> <span class='ocrx_word' id='word_1_140' title='bbox 531 1538 568 1584; x_wconf 74' lang='lat'>3.</span> 
     </span>
    </p>
   </div>
   <div class='ocr_carea' id='block_1_3' title="bbox 631 1731 1127 1753">
    <p class='ocr_par' dir='ltr' id='par_1_6' title="bbox 631 1731 1127 1753">
     <span class='ocr_line' id='line_1_22' title="bbox 631 1731 1127 1753; baseline 0 1367"><span class='ocrx_word' id='word_1_141' title='bbox 631 1731 1127 1753; x_wconf 95' lang='lat' dir='ltr'> </span> 
     </span>
    </p>
   </div>
   <div class='ocr_carea' id='block_1_4' title="bbox 402 1876 1359 1929">
    <p class='ocr_par' dir='ltr' id='par_1_7' title="bbox 402 1876 1359 1929">
     <span class='ocr_line' id='line_1_23' title="bbox 402 1876 1359 1929; baseline 0.006 -6"><span class='ocrx_word' id='word_1_142' title='bbox 402 1876 740 1925; x_wconf 87' lang='lat' dir='ltr'>CAPUT</span> <span class='ocrx_word' id='word_1_143' title='bbox 825 1879 1359 1929; x_wconf 82' lang='lat' dir='ltr'><strong>OCTAVUM·.</strong></span> 
     </span>
    </p>
   </div>
   <div class='ocr_carea' id='block_1_5' title="bbox 622 2024 1151 2057">
    <p class='ocr_par' dir='ltr' id='par_1_8' title="bbox 622 2024 1151 2057">
     <span class='ocr_line' id='line_1_24' title="bbox 622 2024 1151 2057; baseline 0.008 -4"><span class='ocrx_word' id='word_1_144' title='bbox 622 2024 686 2054; x_wconf 85' lang='lat' dir='ltr'>DE</span> <span class='ocrx_word' id='word_1_145' title='bbox 733 2024 1151 2057; x_wconf 78' lang='lat' dir='ltr'><strong>JUREJURANDO.</strong></span> 
     </span>
    </p>
   </div>
   <div class='ocr_carea' id='block_1_6' title="bbox 238 2154 1592 2252">
    <p class='ocr_par' dir='ltr' id='par_1_9' title="bbox 238 2154 1592 2252">
     <span class='ocr_line' id='line_1_25' title="bbox 238 2154 1592 2252; baseline 0.007 -22"><span class='ocrx_word' id='word_1_146' title='bbox 238 2183 282 2248; x_wconf 68' lang='grc' dir='ltr'>ξ.</span> <span class='ocrx_word' id='word_1_147' title='bbox 320 2201 360 2231; x_wconf 89' lang='lat'>1.</span> <span class='ocrx_word' id='word_1_148' title='bbox 427 2154 573 2229; x_wconf 83' lang='lat' dir='ltr'>Cum</span> <span class='ocrx_word' id='word_1_149' title='bbox 602 2182 780 2230; x_wconf 90' lang='lat' dir='ltr'>nullum</span> <span class='ocrx_word' id='word_1_150' title='bbox 810 2193 926 2243; x_wconf 81' lang='lat' dir='ltr'>esset</span> <span class='ocrx_word' id='word_1_151' title='bbox 959 2203 1037 2243; x_wconf 88' lang='lat' dir='ltr'>ea,</span> <span class='ocrx_word' id='word_1_152' title='bbox 1074 2205 1213 2252; x_wconf 85' lang='lat' dir='ltr'>quam</span> <span class='ocrx_word' id='word_1_153' title='bbox 1250 2189 1451 2237; x_wconf 84' lang='lat' dir='ltr'>dicimus</span> <span class='ocrx_word' id='word_1_154' title='bbox 1471 2228 1487 2248; x_wconf 71' lang='lat'><em>„</em></span> <span class='ocrx_word' id='word_1_155' title='bbox 1519 2209 1592 2238; x_wconf 78' lang='lat' dir='ltr'>ae-</span> 
     </span>
    </p>
   </div>
   <div class='ocr_carea' id='block_1_7' title="bbox 129 2248 1597 2450">
    <p class='ocr_par' dir='ltr' id='par_1_10' title="bbox 129 2248 1597 2450">
     <span class='ocr_line' id='line_1_26' title="bbox 177 2248 1597 2316; baseline 0.006 -21"><span class='ocrx_word' id='word_1_156' title='bbox 177 2257 270 2296; x_wconf 83' lang='lat' dir='ltr'>tate</span> <span class='ocrx_word' id='word_1_157' title='bbox 300 2252 371 2313; x_wconf 77' lang='lat' dir='ltr'>jus</span> <span class='ocrx_word' id='word_1_158' title='bbox 400 2248 646 2312; x_wconf 86' lang='lat' dir='ltr'>scriptum,</span> <span class='ocrx_word' id='word_1_159' title='bbox 681 2248 762 2294; x_wconf 83' lang='lat' dir='ltr'>sed</span> <span class='ocrx_word' id='word_1_160' title='bbox 789 2266 844 2297; x_wconf 83' lang='lat' dir='ltr'>ex</span> <span class='ocrx_word' id='word_1_161' title='bbox 873 2254 1103 2316; x_wconf 83' lang='lat' dir='ltr'>majorum</span> <span class='ocrx_word' id='word_1_162' title='bbox 1135 2271 1262 2301; x_wconf 85' lang='lat' dir='ltr'>more</span> <span class='ocrx_word' id='word_1_163' title='bbox 1290 2256 1482 2303; x_wconf 73' lang='lat' dir='ltr'>testiLus</span> <span class='ocrx_word' id='word_1_164' title='bbox 1507 2257 1597 2303; x_wconf 48' lang='lat' dir='ltr'>ad«</span> 
     </span>
     <span class='ocr_line' id='line_1_27' title="bbox 129 2313 1592 2385; baseline 0.006 -26"><span class='ocrx_word' id='word_1_165' title='bbox 129 2367 137 2371; x_wconf 84' lang='lat'>.</span> <span class='ocrx_word' id='word_1_166' title='bbox 178 2313 336 2360; x_wconf 77' lang='lat' dir='ltr'>bibitis</span> <span class='ocrx_word' id='word_1_167' title='bbox 362 2315 693 2360; x_wconf 83' lang='lat' dir='ltr'>controversiae</span> <span class='ocrx_word' id='word_1_168' title='bbox 712 2313 1081 2380; x_wconf 82' lang='lat' dir='ltr'>disceptarentur</span> <span class='ocrx_word' id='word_1_169' title='bbox 1101 2355 1112 2374; x_wconf 92' lang='lat'><strong>‚</strong></span> <span class='ocrx_word' id='word_1_170' title='bbox 1141 2320 1439 2385; x_wconf 78' lang='lat' dir='ltr'>jurisjurandi</span> <span class='ocrx_word' id='word_1_171' title='bbox 1457 2340 1592 2368; x_wconf 86' lang='lat' dir='ltr'>usum</span> 
     </span>
     <span class='ocr_line' id='line_1_28' title="bbox 179 2377 1589 2450; baseline 0.006 -26"><span class='ocrx_word' id='word_1_172' title='bbox 179 2377 238 2424; x_wconf 84' lang='lat' dir='ltr'>ab</span> <span class='ocrx_word' id='word_1_173' title='bbox 274 2379 478 2426; x_wconf 86' lang='lat' dir='ltr'>Homero</span> <span class='ocrx_word' id='word_1_174' title='bbox 522 2380 700 2443; x_wconf 79' lang='lat' dir='ltr'>saepius</span> <span class='ocrx_word' id='word_1_175' title='bbox 753 2384 1141 2443; x_wconf 79' lang='lat' dir='ltr'>commemorari,</span> <span class='ocrx_word' id='word_1_176' title='bbox 1192 2387 1347 2433; x_wconf 74' lang='lat' dir='ltr'>nullus</span> <span class='ocrx_word' id='word_1_177' title='bbox 1396 2394 1466 2431; x_wconf 83' lang='lat' dir='ltr'>est</span> <span class='ocrx_word' id='word_1_178' title='bbox 1509 2387 1589 2450; x_wconf 88' lang='lat' dir='ltr'>qui</span> 
     </span>
    </p>
   </div>
   <div class='ocr_carea' id='block_1_8' title="bbox 178 2468 1594 2654">
    <p class='ocr_par' dir='ltr' id='par_1_11' title="bbox 178 2468 1594 2654">
     <span class='ocr_line' id='line_1_29' title="bbox 1505 2468 1593 2497; baseline 0.011 -1"><span class='ocrx_word' id='word_1_179' title='bbox 1505 2468 1593 2497; x_wconf 70' lang='lat'>1111-</span> 
     </span>
     <span class='ocr_line' id='line_1_30' title="bbox 225 2546 1594 2601; baseline 0.005 -17"><span class='ocrx_word' id='word_1_180' title='bbox 225 2547 263 2592; x_wconf 84' lang='lat'>1)</span> <span class='ocrx_word' id='word_1_181' title='bbox 287 2546 341 2584; x_wconf 88' lang='lat' dir='ltr'>Cf.</span> <span class='ocrx_word' id='word_1_182' title='bbox 379 2547 415 2582; x_wconf 86' lang='lat' dir='ltr'>h.</span> <span class='ocrx_word' id='word_1_183' title='bbox 447 2562 478 2586; x_wconf 89' lang='lat' dir='ltr'>c.</span> <span class='ocrx_word' id='word_1_184' title='bbox 512 2552 544 2596; x_wconf 80' lang='lat'>§·</span> <span class='ocrx_word' id='word_1_185' title='bbox 567 2552 600 2586; x_wconf 83' lang='grc'>5.</span> <span class='ocrx_word' id='word_1_186' title='bbox 646 2557 680 2585; x_wconf 86' lang='lat' dir='ltr'>et</span> <span class='ocrx_word' id='word_1_187' title='bbox 713 2562 743 2584; x_wconf 88' lang='lat' dir='ltr'>c.</span> <span class='ocrx_word' id='word_1_188' title='bbox 771 2549 832 2586; x_wconf 69' lang='lat' dir='ltr'>IX.</span> <span class='ocrx_word' id='word_1_189' title='bbox 867 2554 898 2598; x_wconf 57' lang='grc' dir='ltr'>ς.</span> <span class='ocrx_word' id='word_1_190' title='bbox 920 2553 953 2587; x_wconf 82' lang='grc'>5.</span> <span class='ocrx_word' id='word_1_191' title='bbox 1001 2551 1044 2587; x_wconf 89' lang='lat' dir='ltr'>Il.</span> <span class='ocrx_word' id='word_1_192' title='bbox 1081 2555 1121 2589; x_wconf 87' lang='lat' dir='ltr'>L.</span> <span class='ocrx_word' id='word_1_193' title='bbox 1155 2555 1180 2592; x_wconf 82' lang='lat' dir='ltr'>l.</span> <span class='ocrx_word' id='word_1_194' title='bbox 1215 2568 1263 2591; x_wconf 79' lang='lat' dir='ltr'>vs.</span> <span class='ocrx_word' id='word_1_195' title='bbox 1293 2557 1353 2590; x_wconf 84' lang='lat'>501</span> <span class='ocrx_word' id='word_1_196' title='bbox 1390 2564 1425 2590; x_wconf 87' lang='lat' dir='ltr'>et</span> <span class='ocrx_word' id='word_1_197' title='bbox 1459 2556 1594 2601; x_wconf 79' lang='lat' dir='ltr'>Goguet</span> 
     </span>
     <span class='ocr_line' id='line_1_31' title="bbox 178 2601 1590 2654; baseline 0.005 -16"><span class='ocrx_word' id='word_1_198' title='bbox 178 2601 241 2647; x_wconf 76' lang='lat' dir='ltr'>Op.</span> <span class='ocrx_word' id='word_1_199' title='bbox 267 2601 291 2638; x_wconf 91' lang='lat' dir='ltr'>l.</span> <span class='ocrx_word' id='word_1_200' title='bbox 316 2609 399 2638; x_wconf 79' lang='lat' dir='ltr'>tom.</span> <span class='ocrx_word' id='word_1_201' title='bbox 421 2602 468 2638; x_wconf 90' lang='lat'>11.</span> <span class='ocrx_word' id='word_1_202' title='bbox 495 2615 528 2647; x_wconf 82' lang='lat' dir='ltr'>p,</span> <span class='ocrx_word' id='word_1_203' title='bbox 552 2617 598 2639; x_wconf 89' lang='lat' dir='ltr'>m.</span> <span class='ocrx_word' id='word_1_204' title='bbox 621 2607 677 2640; x_wconf 78' lang='lat'>61.</span> <span class='ocrx_word' id='word_1_205' title='bbox 779 2604 818 2646; x_wconf 86' lang='lat'>2)</span> <span class='ocrx_word' id='word_1_206' title='bbox 842 2604 883 2640; x_wconf 93' lang='lat' dir='ltr'>Il.</span> <span class='ocrx_word' id='word_1_207' title='bbox 902 2605 940 2649; x_wconf 90' lang='lat' dir='ltr'>I,</span> <span class='ocrx_word' id='word_1_208' title='bbox 966 2608 1030 2641; x_wconf 73' lang='lat'>258</span> <span class='ocrx_word' id='word_1_209' title='bbox 1056 2620 1126 2653; x_wconf 81' lang='lat' dir='ltr'>seq.</span> <span class='ocrx_word' id='word_1_210' title='bbox 1151 2611 1288 2654; x_wconf 74' lang='lat' dir='ltr'>passim.</span> <span class='ocrx_word' id='word_1_211' title='bbox 1407 2610 1445 2653; x_wconf 82' lang='lat'>5)</span> <span class='ocrx_word' id='word_1_212' title='bbox 1472 2611 1524 2647; x_wconf 82' lang='lat' dir='ltr'>Cf.</span> <span class='ocrx_word' id='word_1_213' title='bbox 1549 2611 1590 2650; x_wconf 85' lang='grc' dir='ltr'>Ρ,</span> 
     </span>
    </p>
   </div>
   <div class='ocr_carea' id='block_1_9' title="bbox 179 2655 1603 2796">
    <p class='ocr_par' dir='ltr' id='par_1_12' title="bbox 179 2655 1603 2796">
     <span class='ocr_line' id='line_1_32' title="bbox 180 2655 1603 2712; baseline 0.007 -22"><span class='ocrx_word' id='word_1_214' title='bbox 180 2656 219 2690; x_wconf 83' lang='lat' dir='ltr'>F.</span> <span class='ocrx_word' id='word_1_215' title='bbox 246 2658 285 2691; x_wconf 80' lang='lat' dir='ltr'>A.</span> <span class='ocrx_word' id='word_1_216' title='bbox 307 2655 460 2691; x_wconf 78' lang='lat' dir='ltr'>Nitseh&#39;s</span> <span class='ocrx_word' id='word_1_217' title='bbox 487 2657 717 2703; x_wconf 77' lang='lat' dir='ltr'>Bescreibung</span> <span class='ocrx_word' id='word_1_218' title='bbox 750 2666 816 2695; x_wconf 83' lang='lat' dir='ltr'>etc.</span> <span class='ocrx_word' id='word_1_219' title='bbox 843 2667 922 2697; x_wconf 79' lang='lat' dir='ltr'>tom.</span> <span class='ocrx_word' id='word_1_220' title='bbox 944 2660 1008 2698; x_wconf 83' lang='lat' dir='ltr'>IV.</span> <span class='ocrx_word' id='word_1_221' title='bbox 1040 2675 1073 2707; x_wconf 90' lang='lat' dir='ltr'>p.</span> <span class='ocrx_word' id='word_1_222' title='bbox 1094 2676 1140 2696; x_wconf 83' lang='lat' dir='ltr'>m.</span> <span class='ocrx_word' id='word_1_223' title='bbox 1162 2677 1201 2699; x_wconf 74' lang='lat'>21</span> <span class='ocrx_word' id='word_1_224' title='bbox 1227 2676 1321 2709; x_wconf 81' lang='lat' dir='ltr'>seqq.</span> <span class='ocrx_word' id='word_1_225' title='bbox 1354 2671 1389 2699; x_wconf 86' lang='lat' dir='ltr'>et</span> <span class='ocrx_word' id='word_1_226' title='bbox 1407 2677 1478 2703; x_wconf 88' lang='lat' dir='ltr'>nos.</span> <span class='ocrx_word' id='word_1_227' title='bbox 1504 2665 1603 2712; x_wconf 69' lang='lat' dir='ltr'>infra.¹</span> 
     </span>
     <span class='ocr_line' id='line_1_33' title="bbox 179 2712 1179 2796; baseline 0.009 -51"><span class='ocrx_word' id='word_1_228' title='bbox 179 2723 210 2747; x_wconf 90' lang='lat' dir='ltr'>c.</span> <span class='ocrx_word' id='word_1_229' title='bbox 233 2712 263 2747; x_wconf 88' lang='grc'>8.</span> <span class='ocrx_word' id='word_1_230' title='bbox 293 2713 325 2757; x_wconf 81' lang='lat'>§.</span> <span class='ocrx_word' id='word_1_231' title='bbox 349 2723 379 2748; x_wconf 84' lang='lat'>1.</span> <span class='ocrx_word' id='word_1_232' title='bbox 1107 2762 1133 2795; x_wconf 61' lang='lat' dir='ltr'>F</span> <span class='ocrx_word' id='word_1_233' title='bbox 1158 2764 1179 2796; x_wconf 69' lang='lat'>3</span> 
     </span>
    </p>
   </div>
  </div>
 </body>
</html>
