1780 3120
611 126 1242 197 noMERmA„
1515 133 1610 188 135

190 278 355 338 prete·‚.
383 274 453 316 est
473 271 580 330 κριθή
610 264 699 322 εἶδος
728 272 896 330 ὀσπρίου.
930 265 957 323 ἣ
985 269 1137 331 ἄλφιτα.
1173 264 1197 319 ἢ
1219 274 1315 329 γένος
1336 285 1378 312 -τι
1402 276 1440 314 ¹.
1506 265 1610 329 Sui-3>

191 337 300 395 das,
334 347 424 400 κρῖ,
459 333 637 400 inquit,
673 350 757 398 per
778 350 1016 399 apocopen
1042 340 1066 386 ἡ
1088 334 1222 392 κριθή,
1261 329 1521 388 hordeum,
1559 341 1611 390 et

190 416 364 466 κρῖμνον,
388 400 514 465 quod
526 397 860 464 ‘interpretatur
876 438 886 457 ,
923 416 1074 445 crassa
1092 398 1263 443 farinae
1283 414 1387 460 pars
1409 408 1445 442 2.
1498 397 1608 446 Cer.

190 468 226 514 ti
252 466 365 533 quid
398 482 485 512 nec
520 467 578 512 de
606 466 677 512 his
703 482 791 511 nec
825 464 882 511 de
913 464 1042 522 aliis,
1078 464 1116 509 si
1143 479 1259 527 quae
1291 462 1407 507 sorte
1441 480 1606 512 occur-

185 542 324 591 rant,
359 532 585 578 frumenti
628 530 877 594 generibus
916 540 1115 577 statuere
1166 529 1328 575 ausim.
1414 527 1608 576 Dissen-

188 598 312 644 tiunt
342 598 464 644 inter
497 614 545 642 se
592 595 876 644 Sclioliastae
917 606 963 643 et
1008 598 1285 659 interpretes
1309 632 1319 650 ‚
1355 610 1444 639 nec
1488 595 1603 657 quid

185 662 470 710 discriminis
513 664 636 709 inter
679 663 822 708 varias
874 663 1052 726 generis
1095 661 1274 724 species
1312 659 1604 719 intercedat,

182 744 237 774 ex
295 728 559 774 Homericis
605 727 888 774 carminibus
945 727 1200 788 intelligere
1251 724 1380 772 licet.
1473 727 1604 785 Quae

182 803 367 857 praeter
410 806 510 840 σῖτον
552 792 750 839 edebant
777 793 980 855 generali
1012 792 1202 838 nomine
1238 790 1316 854 ἕψοι
1354 799 1601 849 notantur,

181 859 233 905 id
277 868 374 918 est,
423 868 484 906 rsa
529 866 629 905 σίτου
662 862 891 920 ἡδύσματα,
939 865 993 921 μὴ
1041 866 1141 906 κοινοὶ
1181 860 1300 915 ὄντα,
1335 859 1420 917 εἷα,
1455 865 1508 904 ut
1539 858 1604 906 ait

180 923 325 971 Poeta
343 962 356 983 ‚
386 922 511 972 ’ἔδουσι
542 928 740 989 διοτρεφέες
763 929 942 980 fian-[meg
966 925 1002 972 5.

244 990 286 1054 §.
327 1007 371 1036 2.
438 988 516 1036 Ad
553 1004 650 1038 σῖτον
681 990 969 1037 accedebant
1005 1007 1194 1048 carnes,
1231 988 1435 1036 bubulae
1473 1007 1606 1054 prae-

179 1056 341 1102 sertim
366 1071 386 1112 ‚'
414 1054 573 1101 ovillae
593 1093 604 1112 ‚
641 1055 857 1119 caprinae
886 1066 932 1102 et
959 1055 1118 1103 suillae
1136 1092 1147 1112 ‚
1183 1072 1294 1118 quas
1333 1055 1384 1101 in
1411 1055 1606 1114 heroum

180 1121 405 1168 conviviis
432 1120 663 1168 adhibitas
686 1123 846 1185 quavis
876 1123 970 1168 fere
999 1122 1165 1187 pagina
1193 1121 1389 1167 lectores
1418 1121 1605 1169 docebit

178 1187 426 1233 Homerus.
499 1187 617 1233 Caro
658 1196 842 1241 autem,
892 1205 980 1252 qua
1026 1196 1353 1241 vescerentur,
1389 1192 1481 1241 ὀπτὴ
1522 1204 1605 1251 po-

180 1252 410 1299 tissimum
435 1252 520 1298 suit
542 1289 553 1307 ‚
583 1251 633 1297 id
664 1261 761 1311 est,
799 1263 966 1309 assata,
1004 1270 1084 1299 seu
1119 1251 1252 1298 malis
1274 1291 1285 1311 ‚
1321 1252 1508 1311 fricata;
1543 1253 1602 1299 de

178 1335 272 1382 quo
296 1317 388 1364 cibi
416 1334 581 1381 genere
623 1319 872 1382 quominus
915 1319 991 1365 hic
1040 1317 1249 1382 pluribus
1292 1336 1503 1381 agamus,
1539 1317 1606 1377 fa-¹

178 1384 310 1430 ciunt
337 1400 453 1448 quae
484 1382 542 1428 de
567 1384 788 1430 conviviis
816 1385 934 1430 infra
962 1383 1094 1430 nobis
1129 1382 1326 1430 dicenda
1361 1391 1537 1430 restant
1561 1383 1601 1430 4.

242 1449 280 1512 ξ.
317 1448 362 1496 3.
430 1449 570 1496 Feras
600 1449 836 1495 interdum
868 1466 1055 1514 quoque
1087 1449 1343 1496 comedisse
1380 1450 1602 1497 videntur

177 1512 369 1572 heroes,
405 1515 484 1580 qui
512 1514 745 1578 frequenti
772 1515 1017 1561 venatione
1061 1514 1424 1562 delectarentur.
1456 1530 1459 1533 ’
1491 1516 1596 1573 Quo

176 1578 374 1626 consilio
409 1597 518 1626 cum
557 1581 693 1626 sociis
724 1589 918 1627 venatus
961 1589 1060 1626 erat
1086 1580 1307 1644 Ulysses,
1343 1596 1450 1628 cum
1486 1596 1597 1628 arcu

176 1642 412 1712 hastisque
443 1645 608 1692 armati
638 1642 746 1707 αἶγας
775 1654 1131 1710 assequerentur

305 1744 318 1757 .
355 1745 368 1757 .
460 1745 475 1759 .
517 1747 526 1756 .
564 1713 787 1774 ὀρεσκῴους,
820 1718 882 1757 ἵνα
908 1713 1138 1764 dictum-scm
1164 1717 1298 1775 ἑταῖραι
1321 1711 1359 1760 5.

174 1774 246 1823 De
279 1791 416 1824 cervo
441 1793 467 1823 a
496 1791 546 1822 se
579 1792 800 1840 percusso
818 1776 917 1823 fuse
942 1785 1098 1822 narrat
1120 1777 1422 1839 Laertiades,
1457 1793 1598 1842 quem

304 1875 567 1890 ......
601 1846 680 1887 ἐπεὶ
710 1850 908 1905 τάρπησαν
932 1850 1103 1904 ὁρώμεναι
1126 1848 1365 1906 ὀφθαλμοῖσιν
1381 1880 1394 1902 ,

305 1910 446 1968 Χεῖρας
468 1910 656 1967 νιψάμευςι
684 1908 844 1967 τεύχοντ’
871 1908 1039 1969 ἐρικύθεκ
1061 1910 1170 1953 ὃοιῖτοι
1193 1908 1232 1956 6.

175 1970 296 2018 Aves
320 1973 485 2027 etiam,
518 1970 687 2035 quibus
715 1981 1008 2018 vescerentur
1028 2008 1040 2028 ,
1069 1971 1126 2017 ab
1156 1972 1376 2021 heroibus
1394 1979 1597 2037 captatas

175 2052 301 2097 esse,
338 2046 448 2084 sunt
471 2040 553 2102 qui
592 2053 649 2083 cx
672 2035 833 2083 Iliadis
868 2037 1000 2085 Libr.
1026 2037 1212 2087 XXIII.
1249 2057 1316 2086 vs.
1341 2039 1436 2086 852
1464 2055 1596 2102 seqq.

1490 2120 1598 2149 con-

222 2240 258 2284 ι)
284 2240 365 2277 vid.
399 2241 550 2287 Hesycb.
582 2242 617 2276 in
639 2254 668 2278 v,
703 2241 746 2278 11.
769 2242 822 2289 V,
849 2245 925 2289 ¹95·
964 2245 1043 2288 equi
1074 2256 1114 2278 eo
1138 2252 1332 2280 vescuntur.
1442 2243 1481 2288 2)
1507 2242 1589 2285 Vid-

174 2293 297 2330 suidas
319 2297 354 2330 in
380 2309 408 2332 v.
437 2303 497 2342 κρῖ
527 2305 561 2332 et
600 2303 760 2342 κρῖμνον.
891 2298 928 2340 5)
954 2299 1019 2334 Od.
1048 2297 1122 2341 III²
1148 2301 1227 2335 480.
1272 2301 1410 2343 Ὄψων,
1435 2298 1592 2343 quamvis

177 2350 213 2383 in
236 2350 322 2384 cibis
346 2352 484 2395 propria
519 2364 580 2386 vox
598 2380 606 2396 ,
632 2352 672 2385 de
696 2360 776 2396 potu
807 2352 912 2386 etiam
944 2351 1129 2387 adhibetur
1163 2353 1205 2389 Il.
1227 2353 1295 2397 XI,
1320 2357 1398 2399 629.
1446 2353 1594 2395 Peregre

174 2403 306 2438 abituri
329 2406 443 2440 cibum
468 2419 581 2442 secum
607 2407 780 2440 habebant
801 2408 977 2451 δέρμασιν
1001 2409 1037 2439 ἐν
1056 2414 1238 2440 πυκινοῖσι
1261 2409 1323 2444 Od.
1347 2408 1404 2452 ΙΙ,
1430 2410 1516 2451 289,
1541 2406 1594 2441 vel

175 2458 310 2494 utribus
337 2463 511 2507 consutis,
538 2464 698 2507 δοροῖσιν
727 2461 957 2504 ἑϋῤῥιιφέεσσο
988 2462 1052 2498 Od.
1082 2463 1118 2498 L.
1139 2463 1159 2498 l.
1186 2475 1234 2499 vs.
1258 2466 1345 2508 554,
1370 2462 1421 2496 vel
1446 2461 1590 2506 denique

174 2525 300 2559 perae,
334 2517 476 2561 κωρύκῳ
499 2529 526 2552 s.
552 2518 646 2561 ἀσκῷ
675 2517 841 2550 inclusum
866 2518 928 2553 ΟΔ.
951 2517 1003 2561 V,
1029 2520 1105 2563 267.
1132 2518 1202 2562 IX,
1228 2520 1304 2553 213.
1418 2516 1457 2558 4)
1483 2515 1590 2558 Huluss

173 2566 273 2602 Libri
296 2579 325 2605 e.
345 2571 384 2614 4,
409 2572 441 2607 5.
535 2572 576 2617 5)
602 2572 665 2609 od.
689 2571 757 2618 lx,
785 2574 861 2609 155.
885 2572 943 2609 cu.
965 2584 1011 2609 vs.
1033 2585 1108 2618 sup.
1204 2572 1242 2617 6)
1269 2572 1334 2610 Od.
1357 2571 1408 2617 X,
1434 2572 1494 2606 181
1518 2580 1590 2621 seq.

176 2621 233 2660 cll.
258 2635 306 2660 vs·
333 2627 397 2662 256
420 2638 512 2673 seqq.

1137 2681 1154 2717 Ι
1178 2684 1201 2719 ’ὁ
