1780 3120
575 132 1203 218 HoMER1cA:²
1479 141 1570 218 '185

155 318 214 357 κον
237 315 254 340 ²
281 311 327 350 et
355 302 576 362 τεθυωμένον
595 337 607 358 ,
642 315 779 346 suave
818 307 865 345 et
910 295 1131 347 odoribus
1163 298 1428 362 conditum,
1475 315 1566 368 quo

160 369 382 433 unguenti
411 367 514 427 loco
545 382 629 412 usa
662 374 731 412 est
757 365 904 411 Here:

287 471 300 482 .
337 467 351 481 .
387 450 398 481 :
439 466 701 482 ......
733 434 910 494 ἀλείψατο
936 433 977 479 δὲ
998 432 1075 478 λίπ’
1093 436 1205 496 ἐλαίῳ
1568 466 1580 498 3

280 500 536 562 <Ἀμβροσι’ω,
569 499 714 559 ἑδανῷ,
750 500 790 544 τὸ
822 497 873 560 ῥά
895 504 926 544 οἱ
957 501 1177 560 τεθυωμένον
1205 496 1267 554 ἦεν
1288 509 1327 547 2.

158 566 313 630 Hujus
348 564 439 611 loci
482 550 696 611 ineminit
726 578 908 628 quoque
945 563 1242 624 Athenaeus,
1292 564 1372 630 qui
1402 564 1577 614 multus

159 622 231 679 est
262 631 312 677 in
338 648 389 677 re
417 628 718 694 unguentaria
740 628 1017 693 exponenda
1036 669 1047 689 ,
1081 639 1126 677 et
1153 631 1409 677 Homerum
1441 645 1578 692 χρῆσιν

158 709 232 744 τῶν
259 705 388 761 μῦρων
420 695 602 743 novisse
642 693 910 753 contendit,
947 694 1031 740 etsi
1066 695 1142 743 illa
1176 695 1334 742 addito
1370 697 1577 762 epitheto

160 763 270 809 ἔλαια
315 769 562 826 nuncupet
584 760 621 806 5.
689 758 868 806 Eadem
911 759 1007 806 fere
1051 761 1191 808 habet
1229 761 1505 809 scholiastes
1528 764 1581 821 4,

154 828 238 892 qui
263 828 454 873 Poetam
496 841 657 873 vocem
691 830 805 887 μύρον
842 825 1074 889 ignorasse
1131 827 1324 892 (quippe
1363 845 1454 894 qua
1486 830 1584 893 pri-

159 909 292 941 mum
331 890 636 938 Archilochus
666 906 775 936 usus
806 889 1004 937 traditur
1025 892 1075 956 5)
1112 894 1393 941 conficiendi
1424 904 1582 942 tamen

157 956 383 1022 unguenti
410 957 636 1004 rationem
660 955 844 1003 novisse
865 955 1059 1004 scribit:
1094 976 1204 1006 nam
1236 965 1275 1006 τὸ
1305 964 1439 1022 ρ’)θινόν
1465 967 1580 1024 μύρον

159 1021 411 1069 declaravit
444 1038 530 1086 per
555 1023 675 1084 ῥσδοέν
701 1023 822 1066 ἔλαιον
846 1020 884 1069 6.
948 1021 1019 1067 Ut
1050 1032 1102 1069 ut
1129 1033 1224 1083 est,
1256 1036 1580 1090 unguentum,

198 1084 482 1153 ualecunque
506 1086 725 1143 tandem,
759 1094 986 1150 quantum
1011 1086 1071 1134 ad
1103 1091 1294 1153 gratiam
1328 1092 1583 1139 concilian-

159 1105 270 1199 dam
319 1151 516 1211 valeret,
562 1149 688 1198 haud
730 1151 947 1213 ignorans
985 1151 1241 1214 Homerus,
1286 1174 1382 1203 non
1425 1167 1583 1206 tamen

161 1225 336 1282 εἰσήγαγε
363 1224 488 1283 μύροις
529 1219 778 1280 ἀλειφομένους
800 1222 879 1270 τοὺς
917 1221 1041 1281 ἥρωας
1073 1221 1194 1284 (nisi
1230 1222 1355 1288 quod
1383 1232 1490 1288 post
1515 1223 1584 1276 la-

161 1286 399 1331 vationem
438 1300 492 1329 eo
524 1299 691 1346 corpus
736 1280 1000 1348 illincrent)
1030 1290 1127 1341 πλὴν
1156 1293 1216 1336 τὸν
1269 1291 1393 1353 Πάριν
1415 1299 1467 1348 7,
1499 1290 1584 1355 qui

160 1349 250 1396 fult
277 1354 414 1397 κάλλεϊ
434 1353 602 1407 στίλβων
624 1348 662 1394 8.

225 1414 267 1479 ξ.
301 1416 351 1463 6.
418 1414 612 1470 Vestes,
646 1421 702 1459 ut
726 1413 955 1475 vidimus,
991 1435 1016 1463 a
1053 1419 1220 1483 puellis
1253 1430 1358 1486 post
1391 1420 1586 1473 lavatio·

160 1498 273 1527 nem
316 1489 363 1528 et
410 1481 681 1527 unctionem
726 1478 1039 1531 afferebantur
1063 1495 1110 1541 9,
1146 1504 1260 1551 quas
1302 1488 1486 1552 saepius
1518 1488 1585 1535 la-

160 1546 330 1593 vabant
376 1546 620 1604 mulieres,
656 1560 742 1590 nec
780 1546 970 1594 ancillae
1006 1559 1222 1610 tantum,
1260 1563 1312 1599 ut
1341 1553 1399 1598 de
1432 1555 1584 1600 Phoe-

159 1613 285 1658 nissa
316 1611 419 1670 illa,
455 1627 654 1676 quacum
693 1619 853 1674 raptus
895 1623 992 1659 erat
1038 1617 1300 1677 Eumaeus,
1336 1626 1381 1664 et
1401 1618 1460 1665 de
1480 1620 1583 1666 aliis

161 1682 401 1724 constat'w
417 1714 428 1733 ‚
465 1685 512 1723 at
532 1675 714 1740 puellae
734 1677 870 1722 etiam
888 1679 1202 1728 nobilissimae
1221 1721 1232 1740 ,
1269 1683 1416 1748 qualis
1456 1685 1580 1731 Nau-

163 1743 315 1800 sicae,
363 1742 628 1788 Phaeacum
667 1740 787 1801 regis
836 1740 930 1789 filia
973 1745 1289 1809 pulcherrima
1329 1750 1582 1816 eademque

162 1808 494 1871 pudicissima,
544 1821 661 1870 quac
719 1806 926 1853 Homero
978 1821 1095 1858 teste
1141 1830 1249 1860 cum
1302 1815 1478 1862 ancillis
1521 1834 1577 1862 ex

95 1873 101 1880 '
163 1873 281 1919 urbe
310 1889 451 1919 curru
478 1881 608 1919 vecta
626 1878 773 1916 vestes
803 1870 948 1919 lotum
977 1886 1075 1924 erat
1106 1879 1327 1942 profecta.
1369 1881 1438 1929 De
1478 1884 1578 1948 qui-

165 1935 251 1985 bus
275 1938 447 1984 Poeta:

309 2037 819 2052 ...........
857 2012 918 2052 τεεί
954 2010 990 2054 δ’
1013 2030 1066 2056 απ
1102 2017 1242 2066 ἀπήνης

303 2073 462 2130 Εἴμπτα
494 2076 623 2132 zeloti)
645 2070 789 2127 ἔλεκτο,
825 2078 887 2117 xx?
913 2075 1080 2139 έτῖρὲρῖεν
1110 2080 1229 2136 μέλαν
1261 2080 1385 2142 ’β’-λψ-

301 2139 457 2193 Στεῒβον
481 2145 521 2169 ¹¹
553 2133 589 2183 δ’
611 2136 650 2180 ἐν
674 2138 837 2199 βόθροισι
857 2147 896 2170 ¹²
930 2146 1018 2195 &5253
1051 2143 1156 2205 ἕριθχ
1183 2155 1440 2210 πρςῗέρᾜςλι,

1510 2214 1591 2259 Αύ-

215 2322 253 2366 ι)
277 2322 331 2357 De
354 2335 384 2358 v.
411 2323 609 2370 ἄμβροσιος
632 2327 701 2364 rid.
722 2328 831 2373 Hcyn.
868 2328 946 2365 Exn.
970 2329 1026 2366 IX.
1053 2330 1096 2364 ad
1130 2330 1171 2367 Il.
1198 2332 1237 2368 L.
1260 2332 1289 2366 I·
1325 2333 1365 2366 de
1395 2346 1423 2370 v,
1452 2332 1586 2369 i'davor

168 2376 492 2415 Buttmann,Lexil.
517 2388 600 2414 tom.
626 2382 676 2416 ΙΙ.
711 2395 744 2427 p.
769 2387 809 2418 14
823 2396 894 2429 seq.
998 2385 1036 2427 2)
1061 2385 1103 2422 Il.
1124 2386 1226 2432 XIV,
1253 2401 1312 2434 171
1337 2401 1408 2434 seq.
1435 2390 1488 2425 Cf.
1515 2390 1580 2428 od,

168 2430 306 2476 XVIII,
332 2444 394 2478 190
412 2429 505 2478 seqq.
609 2438 646 2480 5)
673 2437 754 2474 vid.
779 2438 903 2476 Athen.
927 2439 967 2476 L.
992 2439 1063 2476 XV.
1089 2452 1122 2486 p·
1143 2443 1221 2478 688.
1245 2442 1290 2478 D.
1393 2443 1431 2487 4)
1459 2444 1509 2478 Ad
1539 2445 1583 2483 Il.

161 2483 303 2531 -XXIII,
329 2489 407 2523 186.
523 2491 562 2535 5)
590 2491 672 2528 Yid.
694 2494 820 2526 Athen.
842 2493 866 2529 l.
885 2494 912 2531 l.
1014 2495 1053 2539 6)
1081 2494 1132 2531 (ΞΓ.
1153 2496 1263 2541 Heyn.
1296 2496 1378 2533 Var.
1414 2499 1524 2536 Leon,
1551 2509 1586 2535 et

168 2539 308 2576 Observ.
331 2542 373 2575 ad
397 2542 440 2577 Il·
464 2543 568 2590 XIV,
595 2559 670 2591 172.
707 2555 742 2581 et
774 2548 911 2593 XXIII,
939 2551 1016 2585 186.
1120 2550 1156 2595 7)
1183 2551 1232 2584 Ex
1263 2552 1381 2596 Ejusd.
1416 2554 1587 2590 Athenaei

169 2595 340 2629 sententia
363 2597 404 2631 L.
426 2597 444 2631 1
481 2611 514 2643 p.
542 2602 595 2636 18.
620 2601 663 2637 E.
780 2602 818 2646 8)
844 2603 925 2639 vid.
949 2604 990 2640 Il.
1014 2603 1091 2645 III,
1116 2607 1195 2651 592.
1319 2606 1358 2650 9)
1387 2607 1465 2644 vid.
1496 2609 1529 2645 b.
1555 2624 1588 2646 c-

169 2650 200 2693 ς.
225 2650 257 2684 4.
367 2655 426 2695 10)
452 2653 531 2689 Vid.
565 2655 629 2690 Od.
655 2655 760 2701 XIV,
784 2659 850 2703 419
870 2670 962 2705 seqq.
1001 2660 1045 2694 al.
1167 2658 1225 2703 11)
1263 2659 1412 2696 Lavandi
1448 2665 1586 2700 modum

165 2702 435 2750 animadvertas,
473 2708 534 2741 hac
568 2721 646 2742 voce
682 2711 924 2753 significatum.
1057 2715 1115 2759 12)
1142 2715 1286 2760 Βόθροϋ
1322 2715 1472 2762 H‘Sych.
1507 2730 1586 2757 sunt

164 2758 355 2803 ὀρύγμαια
380 2765 455 2805 γῆς.
508 2763 560 2803 Cf.
588 2766 748 2804 Eustath.
786 2768 828 2801 ad
852 2768 914 2805 Od.
942 2768 1011 2813 VI,
1038 2771 1090 2805 40.
1217 2815 1252 2849 M
1278 2818 1296 2849 5
