1750 3116
461 141 694 176 OPERIS
738 139 1175 174 coNsPEC'rus.
1445 149 1547 175 xxva

242 251 275 298 g,
295 259 329 284 2.
376 248 538 289 Populum
557 248 590 280 in
609 247 804 287 concionem
827 247 967 287 cogebat
979 255 1100 286 praeco
1113 271 1126 287 ‚
1143 248 1250 288 regis,
1270 246 1453 287 principum

213 307 271 340 vel
292 304 430 338 aliorum
448 305 610 337 interdum
631 303 772 336 monitu.
858 325 870 335 .
993 323 1005 334 .
1129 324 1141 335 .
1265 322 1278 334 .
1380 311 1456 342 pag.
1481 302 1537 335 80.

243 361 274 407 ἓ.
296 369 329 400 3.
371 360 425 393 De
447 359 710 393 concionantium
737 368 892 391 consessu
919 366 956 392 et
982 359 1126 396 ritibus,
1147 355 1180 388 in
1206 356 1366 388 concione
1391 360 1451 387 ob.

209 417 363 451 servatis.
426 439 438 451 .
561 438 573 452 .
701 440 715 450 .
843 435 854 445 .
983 433 995 445 .
1122 430 1136 443 ι
1267 430 1279 442 .
1410 432 1422 443 .
1489 411 1545 447 81.

241 473 276 520 §-
296 484 333 515 4.
378 474 472 516 Quos
487 482 594 507 tamen
609 473 694 505 haud
708 481 837 512 semper
850 477 999 504 servatos
1014 478 1086 501 esse
1099 466 1258 507 exemplis
1272 468 1440 506 probatur.
1484 469 1539 502 82,

240 529 273 575 §-
293 539 328 572 5.
371 531 508 572 Locus,
536 539 603 571 quo
631 529 809 562 conciones
834 528 1052 566 haberentur,
1085 533 1194 557 certus
1221 532 1282 555 nec
1301 522 1457 556 definitus

204 583 282 618 fu't.
416 609 430 623 ,
557 606 570 620 .
1406 603 1418 614 .
1484 582 1541 615 820*

239 641 274 688 5.
292 642 327 676 6.
369 644 408 675 In
423 642 584 675 concione
604 641 644 674 de
664 639 804 682 publicis
826 647 861 672 et
879 637 1014 678 privatis
1034 637 1132 669 rebus
1149 637 1305 678 agebant.
1352 636 1453 669 Conf-

207 705 291 737 quae
315 697 467 739 leguntur
492 698 524 730 in
549 698 624 732 add.
643 707 679 738 p.
701 695 776 736 362.
836 715 847 727 .
976 715 987 725 .
1124 712 1136 725 .
1264 711 1275 724 .
1407 713 1420 725 .
1487 692 1542 734 83.

123 747 208 791 cap.
233 742 315 785 vi1.
360 753 413 785 De
432 751 585 795 judiciis.

239 807 271 852 ἓ.
296 818 327 843 1.
361 809 500 851 Judices
524 817 566 840 ex
593 806 759 848 aequitate
784 813 819 839 et
842 803 1001 844 majorum
1023 813 1115 837 more
1138 802 1380 839 controversias
1403 802 1453 835 di-

207 862 381 895 rimebant·
423 863 477 896 De
501 862 648 902 judicum
679 872 836 896 consessu
856 870 890 895 et
917 861 1112 902 insignibus.
1263 882 1275 894 .
1405 884 1417 895 .
1482 861 1537 903 83.

235 919 268 964 §-
289 928 324 952 2·
367 919 413 951 Et
433 927 526 951 actor
547 926 581 951 et
606 928 682 951 reus
708 928 844 960 surgens
864 927 953 950 suam
981 916 1119 957 quisque
1143 924 1274 948 causam
1305 916 1456 958 dicebat,

207 964 348 1008 te'stibus
374 976 551 1016 adhibitis,
587 986 660 1008 cum
685 976 826 1017 populus
853 973 979 1008 favoris
1005 971 1061 1004 vel
1086 970 1231 1003 invidiae
1258 972 1456 1006 documenta

205 1032 420 1065 exclamando
444 1033 573 1065 ederet.
699 1053 713 1068 .
839 1053 851 1065 .
981 1049 996 1062 .
1124 1049 1136 1060 ·
1266 1048 1278 1062 ι
1406 1051 1420 1064 .
1485 1031 1540 1073 84.

237 1075 268 1132 §-
293 1097 324 1130 3.
373 1087 506 1131 judicia
534 1096 607 1119 cum
641 1096 718 1129 rege
748 1086 948 1120 exercebant
977 1083 1162 1129 γέροντες,
1206 1082 1237 1115 A
1265 1083 1325 1116 zei
1354 1087 1454 1118 tutela

206 1134 353 1180 iustitiae
378 1145 534 1176 sanctitas
552 1144 660 1175 stabat
682 1150 716 1176 et
732 1141 877 1181 judicum
897 1143 1088 1174 auctoritas.
1264 1160 1276 1173 .
1403 1162 1415 1174 .
1481 1144 1557 1186 85.,

122 1198 233 1240 Caput
255 1201 356 1233 VIII.
402 1201 453 1232 De
477 1199 710 1242 JureJ'urandO.

206 1293 207 1296 Ἴ
232 1253 265 1299 ἓ.
289 1264 322 1288 1.
365 1256 418 1288 Eo
437 1256 528 1287 omni
550 1256 582 1287 in
605 1264 639 1287 re
662 1253 812 1296 graviore
834 1254 1023 1287 utebantur.
1127 1275 1138 1286 .
1263 1274 1278 1287 .
1403 1275 1416 1288 .
1481 1254 1537 1296 85.

229 1299 319 1356 5.”·ι.
363 1310 429 1342 Per
452 1311 532 1342 deos
557 1309 785 1350 immortales,
807 1316 842 1342 et
863 1318 918 1341 res
943 1318 1154 1350 quascunque
1181 1319 1290 1344 sacras
1312 1311 1369 1344 vel
1391 1310 1454 1343 sibi

205 1365 392 1398 carissimas
413 1363 580 1404 jurabant.
695 1385 706 1397 .
838 1387 850 1398 .
978 1388 991 1399 .
1121 1388 1132 1398 .
1258 1387 1272 1399 .
1402 1388 1416 1400 .
1482 1365 1538 1400 86.

227 1419 266 1468 §.
288 1431 322 1462 3.
367 1423 519 1465 jurantes
542 1430 611 1454 rem
636 1430 761 1454 sacram
793 1422 943 1455 manibus
980 1431 1093 1456 tenent
1124 1424 1164 1456 ad
1201 1433 1300 1457 easve
1336 1431 1452 1456 manus

203 1479 406 1522 extendunt,
428 1485 466 1508 ut
489 1474 568 1516 ipsis
582 1475 716 1508 testium
731 1476 808 1508 loco
827 1476 911 1509 sint:
935 1477 1108 1518 aliquando
1122 1477 1268 1517 jurantes
1288 1488 1455 1520 sceptrum

200 1537 330 1577 coelum
352 1543 468 1576 versus
491 1533 660 1566 attollunt.
829 1552 843 1566 .
1405 1557 1417 1568 ‚
1481 1539 1537 1580 37·

237 1592 270 1638 5.
290 1602 326 1632 4.
372 1591 411 1623 In
433 1589 571 1639 jurando
598 1590 677 1622 item
709 1587 906 1622 sacrificium
940 1589 1050 1623 locum
1081 1590 1248 1632 habebat,
1279 1594 1369 1633 quod
1396 1595 1455 1627 de.

202 1648 370 1697 scribitur.
415 1666 427 1679 .
556 1668 568 1680 .
698 1669 709 1681 .
844 1667 856 1680 .
980 1670 993 1680 .
1121 1669 1135 1683 .
1261 1670 1274 1682 .
1403 1671 1415 1683 .
1482 1651 1539 1693 87.

236 1702 270 1748 ἓ.
291 1711 327 1744 5.
371 1693 506 1741 perjuro
526 1711 652 1743 poenae
677 1714 695 1736 a
721 1702 796 1736 Diis
824 1703 1037 1744 gravissimae
1057 1704 1250 1747 imminent,
1274 1716 1354 1747 quas
1376 1714 1452 1746 post

201 1757 268 1791 fata
294 1758 471 1800 praecipue
508 1759 667 1799 Erinnyes
702 1768 720 1790 a
745 1758 915 1791 sceleratis
941 1768 1074 1793 sumunt
1106 1771 1140 1794 et
1169 1763 1279 1795 IIades
1307 1771 1344 1794 ac
1370 1763 1451 1794 Per-

200 1815 370 1858 sephone:
405 1820 496 1846 recte
521 1813 631 1845 forsan
655 1813 771 1844 horum
794 1811 886 1850 jussu
908 1815 1069 1857 Erinnyas
1092 1827 1147 1850 eas
1175 1818 1325 1858 exeg'sse
1349 1816 1452 1850 statui

139 1912 143 1918 .
202 1871 321 1912 possit.
401 1858 420 1921 :-
541 1858 564 1899 ’.
691 1888 705 1900 .
834 1889 846 1901 .
977 1891 989 1903 .
1117 1893 1132 1906 .
1254 1893 1266 1906 .
1398 1893 1410 1905 .
1476 1873 1531 1906 88.

119 1926 228 1967 Caput
250 1926 311 1958 IX.
354 1926 407 1957 De
435 1923 647 1956 Homicidiis.

235 1982 267 2024 S.
290 1989 323 2013 1.
371 1980 480 2020 Quare
497 1978 701 2019 frequentius
724 1977 756 2010 in
778 1980 924 2013 Homero
945 1980 982 2013 fit
1001 1982 1170 2015 homicidii
1194 1983 1348 2017 mentio?
1369 1984 1449 2024 Ejus

205 2035 351 2074 criminis
376 2035 424 2067 rei
450 2033 483 2065 in
516 2033 669 2070 exsilium
698 2035 766 2069 fere
792 2039 914 2069 abeunt
946 2045 980 2070 et
1007 2039 1040 2071 in
1061 2040 1124 2072 viri
1148 2042 1371 2083 praepotentis
1394 2043 1449 2076 vel

201 2093 301 2142 amici
319 2093 452 2141 domum
469 2089 634 2130 supplices
651 2100 686 2123 se
705 2090 888 2133 recipiunt:
905 2094 946 2127 de
959 2104 1133 2135 procorum
1151 2097 1251 2128 caede
1272 2097 1313 2128 ab
1328 2098 1449 2139 Ulysse

1543 1955 1550 1970 i

202 2149 307 2197 edita.
404 2170 419 2196 .·
549 2170 561 2181 .
694 2169 706 2180 .
834 2171 845 2182 .
975 2171 987 2183 .
1117 2173 1128 2184 .
1263 2172 1274 2183 .
1402 2175 1413 2187 .
1480 2156 1534 2191 88,

236 2207 268 2253 ἓ.
290 2216 323 2240 2.
363 2206 555 2247 Aliquando
586 2213 697 2238 tamen
731 2205 935 2247 homicidae,
962 2205 1141 2239 amicorum
1172 2207 1334 2247 praesidio
1368 2210 1449 2250 tuti,

202 2263 292 2301 domi
316 2270 555 2294 remanserunt.
696 2283 707 2293 .
837 2283 848 2294 .
979 2284 990 2294 .
1118 2284 1130 2294 .
1258 2284 1270 2296 .
1401 2287 1412 2297 .
1477 2277 1531 2309 90.

233 2319 266 2365 5.
290 2329 321 2360 3·
366 2318 510 2350 Poenam
541 2324 576 2349 et
607 2316 715 2359 pretio
745 2326 812 2350 non
837 2327 1013 2360 numquam
1046 2320 1281 2358 redemerunt,
1316 2320 1356 2352 de
1383 2329 1449 2360 quo

203 2375 365 2407 solvendo
392 2374 635 2414 interpretanda
669 2380 768 2413 sunt,
807 2383 890 2414 quae
914 2377 955 2409 de
976 2373 1102 2414 judicio
1127 2369 1235 2406 ἕνεκα
1263 2378 1392 2419 ποινῆς
1416 2378 1449 2410 in

202 2428 342 2470 Achillis
367 2430 484 2471 clypeo
509 2428 621 2462 efficta
641 2436 748 2462 erant.
831 2451 844 2464 .
970 2452 983 2464 .
1113 2455 1125 2467 .
1257 2456 1269 2468 .
1397 2457 1408 2468 .
1474 2446 1530 2478 90.

118 2487 228 2527 Caput
249 2487 292 2518 X.
332 2488 382 2519 De
408 2487 559 2527 Rapin3s.

234 2543 267 2588 g,
282 2551 312 2576 t.
337 2543 482 2583 Rapinas
498 2543 604 2576 facere
619 2544 774 2576 heroibus
790 2543 972 2577 Homericis
988 2544 1019 2576 in
1032 2555 1123 2579 more
1139 2545 1203 2579 fuit
1219 2555 1280 2579 nec
1293 2546 1448 2579 dedecori

203 2598 262 2631 sed
275 2598 361 2631 laudi
376 2600 578 2632 ducebatur:
603 2600 687 2632 unde
711 2600 832 2637 rapinis
855 2600 964 2632 onusti
984 2602 1115 2633 domum
1135 2602 1241 2635 redire
1262 2602 1445 2644 gloriaban-

199 2662 275 2696 tur,
298 2663 332 2688 et
352 2655 521 2697 hospites,
545 2665 620 2687 num
644 2654 768 2699 ληϊσαί
789 2656 960 2697 venirent,
982 2667 1097 2699 rogare
1123 2659 1208 2692 haud
1229 2660 1439 2693 verebantur.
1473 2668 1529 2697 91·

1434 2713 1468 2754 §.
1493 2724 1527 2748 2.
