1780 3120
551 113 1205 181 ADDENDA.
1517 119 1597 179 359

296 257 350 304 ge
386 245 443 288 ab
489 242 645 302 Elysio
680 254 879 287 remotus
918 241 1041 286 infra
1087 253 1236 286 terrae
1277 240 1594 289 fundamenta.

296 306 365 348 De
393 317 477 355 eo,
508 301 589 360 qui
613 299 785 343 factum
806 300 892 352 sit,
923 311 975 343 ut
1001 300 1050 342 in
1077 300 1148 343 his
1172 298 1489 357 similibusque
1516 301 1594 344 fa-

296 359 416 404 bulis
454 358 729 402 recentiores
763 368 1000 417 tantopere
1028 373 1052 399 a
1079 356 1310 401 veteribus
1349 357 1597 412 differant,

299 416 503 476 disputat
542 415 779 458 Halbkart.
830 430 867 457 0.
904 416 935 458 l.
982 419 1024 470 ς.
1052 431 1119 460 10.
1180 415 1245 457 De
1286 415 1470 459 Tartari
1503 416 1594 459 situ

299 473 507 517 classicus
545 471 670 515 locus
721 481 788 515 est
833 473 887 515 Il.
934 473 1073 521 VIII,
1118 473 1187 516 16.
1238 469 1311 514 011.
1353 475 1594 529 478-31.

297 531 372 576 Cf.
415 531 648 573 Hermann
671 562 683 582 ‚
715 528 978 573 Handbuoh
1022 528 1105 572 der
1145 528 1340 587 Mythol.
1378 547 1454 573 aus
1490 532 1592 574 Ho-

290 604 389 632 mer
413 588 512 630 und.
538 585 722 630 Hesiod.
754 602 802 644 p.
827 588 926 632 245.
985 588 1145 645 Kopp.
1179 587 1236 628 ad
1262 584 1315 630 Il.
1343 585 1482 642 VIII,
1514 590 1592 632 15⁷1

293 662 338 690 se
379 662 425 704 q.
486 644 722 688 Halbkart.
754 659 793 686 c.
824 643 856 686 l.
891 648 932 701 ᾗ.
968 646 1165 688 11-16.
1226 645 1291 686 De
1319 645 1473 704 Elysio
1498 645 1593 688 vid.

295 662 387 746 ΟΞ.
417 703 480 745 IV
499 734 512 756 ‚
543 704 644 747 561.
675 701 790 759 ibiq.
838 702 1040 746 Nitzsch.
1060 735 1073 752 ‚
1106 700 1399 745 Groddekius
1442 704 1533 760 Op.
1559 703 1593 746 l.

293 772 340 805 et
364 759 600 802 Halbkart.
633 775 672 800 c.
694 760 737 802 4.
768 761 807 813 ξ.
836 775 903 815 17.
923 791 936 812 ‚
975 759 1055 815 qui
1080 758 1229 813 ejusd.
1255 774 1295 800 0.
1326 761 1364 814 ἕ.
1391 763 1593 803 20-25.

292 817 506 875 pluribus
534 815 592 857 de
630 814 770 872 Elysii
801 813 901 858 loco
937 816 1026 870 egit
1065 826 1110 857 et
1145 815 1228 862 iis.
1264 832 1376 875 quos
1404 818 1454 859 in
1488 833 1592 861 eum

291 874 535 941 pervenire
564 873 857 922 statuebant,
890 887 1066 914 causam
1098 872 1231 914 simul
1261 873 1475 926 tradens,
1511 889 1591 917 cur

289 947 340 975 m
367 927 644 972 occidentali
670 927 833 970 mundi
857 928 987 987 plaga
1007 929 1205 972 inveniri
1235 942 1490 987 putaretur.

341 988 408 1029 De
434 985 694 1037 Charonte,
727 985 874 1028 Lethe
900 985 1066 1039 fluvio,
1100 986 1197 1028 aliis
1223 988 1468 1041 ejusmodi,
1499 989 1589 1032 de-

291 1058 381 1104 que
411 1057 636 1085 annorum
675 1058 865 1086 numero
885 1074 899 1097 ,
939 1058 1024 1102 per
1057 1058 1170 1102 quos
1199 1043 1421 1102 insepulti
1454 1062 1588 1089 erra-

291 1111 428 1148 rent,
463 1100 635 1142 frustra
666 1098 779 1157 quid
817 1101 866 1142 in
909 1101 1105 1143 Homero
1133 1102 1420 1158 quaesiveris.
1479 1103 1590 1148 Vid.

291 1157 519 1202 Halbkart
559 1171 598 1198 0.
638 1158 682 1201 5.
731 1158 769 1212 ἓ.
807 1171 848 1201 2.
910 1159 975 1200 Βο
1020 1157 1269 1200 animarum
1316 1170 1435 1202 statu
1487 1173 1593 1220 post

290 1226 487 1259 mortem
524 1214 648 1256 idem
691 1213 898 1272 disputat
937 1230 977 1257 c.
1011 1214 1043 1257 l.
1084 1226 1129 1258 et
1173 1215 1230 1260 K.
1269 1216 1326 1259 H.
1356 1217 1590 1267 Volcker.

295 1272 414 1315 iiber
445 1271 520 1313 die
543 1270 812 1328 Bedeutung
844 1287 932 1315 von
961 1275 1080 1328 ψυχὴ
1103 1271 1201 1314 und
1226 1274 1389 1320 εἴδωλον
1419 1277 1467 1317 in
1504 1275 1590 1318 der

289 1329 394 1372 Ilias
419 1328 516 1370 und
546 1328 776 1386 Odysme,
809 1328 871 1371 als
898 1330 1074 1384 beiti-ag
1105 1344 1160 1371 zu
1186 1329 1269 1372 der
1297 1332 1592 1377 Homerisehe

290 1385 602 1446 Psyehologie.
640 1386 846 1428 Giessen.
878 1403 950 1429 an.
976 1389 1100 1431 1825.
1118 1415 1134 1433 ‚
1163 1403 1211 1444 p.
1241 1389 1292 1431 14
1316 1405 1448 1450 seqq.

177 1443 232 1490 P.
258 1460 301 1505 7.
361 1447 539 1495 Παιήων.
571 1461 595 1486 «
621 1442 896 1486 &Vennman
921 1444 1122 1500 dagegen
1139 1443 1403 1497 hemerkt,’'
1435 1448 1591 1507 inquit

294 1501 560 1545 Cammann.
584 1502 676 1557 Op.
696 1499 726 1541 l.
758 1517 804 1560 p.
823 1502 899 1544 181
918 1533 928 1550 ,
963 1521 986 1545 «
1012 1501 1112 1544 dass
1131 1500 1299 1559 Apollo
1324 1505 1406 1545 mit
1428 1506 1590 1550 seinen

294 1558 473 1603 Pseilen
520 1556 613 1599 den
661 1556 875 1600 leidcnde
927 1558 1182 1600 Menschen
1241 1559 1390 1602 durch
1451 1565 1588 1607 einen

292 1615 528 1658 schnellen
573 1614 676 1656 Tod
722 1631 798 1655 aus
842 1615 1013 1658 seinem
1056 1614 1232 1658 Elende
1279 1617 1498 1666 hefreiet.
1541 1638 1589 1664 so

288 1672 399 1729 liegt
424 1671 507 1714 der
527 1670 700 1727 Begriss
720 1671 841 1714 eines
866 1671 1115 1716 heilenden
1135 1673 1294 1715 Gottes
1320 1676 1427 1719 sehr
1452 1678 1589 1723 nahe.

293 1731 365 1774 Cf.
398 1745 478 1771 nos
513 1745 615 1786 pag.
647 1744 700 1785 9,
737 1745 802 1772 10.
839 1740 884 1772 et
915 1729 967 1771 Il.
995 1729 1134 1779 XVI,
1165 1731 1315 1775 514.'’

178 1786 232 1832 P.
251 1803 298 1848 7.
329 1797 424 1830 not.
455 1801 494 1828 1.
518 1785 724 1827 -addatur
748 1785 837 1830 Od.
863 1787 976 1836 XII,
1013 1789 1110 1844 176.

179 1846 233 1892 P.
260 1855 431 1904 7.‚not.
454 1843 497 1886 8.
557 1844 620 1886 At
658 1842 824 1902 Odyss.
851 1845 988 1894 VIII,
1021 1848 1120 1900 267.
1180 1845 1442 1901 Aphrodite
1486 1853 1588 1896 He-

292 1899 474 1964 phaesti
499 1915 614 1942 uxor
634 1899 767 1942 fuisse
787 1900 972 1944 dicitur.
1031 1901 1191 1960 Itaque
1221 1903 1296 1946 hic
1326 1907 1490 1952 Odvss.
1513 1910 1588 1952 lo..

298 1975 376 2004 cus
397 1968 571 2016 pugnat
595 1971 698 1999 cum
727 1957 951 2003 11.XV111
971 1992 983 2005 .
1016 1960 1116 2002 532.
1162 1954 1590 2017 Quodjamhmm..

291 2016 447 2062 matici
482 2025 654 2058 veteres
683 2025 925 2060 notarunt:
961 2015 1116 2059 fichol.
1156 2016 1369 2062 Ambros.
1397 2023 1454 2065 ad
1493 2027 1587 2069 Od.

292 2074 379 2118 1.1.
398 2071 539 2131 Apud
564 2072 772 2115 Eustath.
800 2073 855 2115 ad
885 2075 931 2117 h.
966 2073 997 2118 Ι.
1032 2072 1176 2121 nihil,
1211 2077 1334 2134 quod
1353 2077 1472 2122 hanc
1491 2099 1587 2126 rem

292 2142 498 2192 spectat,
529 2129 780 2173 invenitur.
820 2131 890 2174 Ita
919 2143 1044 2174 recte
1073 2130 1300 2175 Thiersch
1334 2134 1391 2177 de
1417 2137 1507 2182 div.
1535 2141 1590 2185 Π,

296 2201 344 2233 et
367 2188 460 2232 Od.
490 2198 635 2230 aetate
671 2187 794 2245 apud
825 2189 960 2232 Jahn.
999 2188 1162 2231 Jahrb.
1207 2200 1296 2232 etc.
1340 2193 1475 2237 Tom.
1505 2198 1587 2242 III.

293 2247 347 2290 P.
371 2260 394 2288 2
421 2261 469 2303 p.
489 2260 584 2289 101.
602 2276 614 2293 .
644 2255 689 2287 et
706 2245 816 2287 hinc
835 2278 847 2296 ‚
865 2246 1043 2306 inquit,
1067 2244 1383 2299 concluditur,
1404 2263 1589 2296 utrum-

296 2319 386 2361 que
411 2302 562 2345 locum
591 2301 646 2344 ab
672 2301 834 2345 eodem
871 2309 1008 2362 potita
1030 2302 1221 2364 prodire
1250 2321 1343 2347 non
1376 2313 1591 2366 potuisse,

295 2361 351 2406 ld
366 2376 499 2403 nemo
520 2359 718 2413 negabit.
776 2360 1065 2419 Quamquam
1089 2376 1196 2402 vero
1218 2361 1281 2403 ita
1307 2375 1373 2405 est
1393 2399 1406 2415 ‚
1439 2383 1596 2427 neque

296 2428 450 2460 tamen
474 2417 706 2475 sequitur,
738 2429 789 2458 ut
824 2419 959 2461 totius
994 2417 1225 2476 Odysseae
1252 2431 1408 2463 auctor
1440 2436 1483 2466 et
1508 2444 1590 2468 ae-

295 2486 363 2518 tas
397 2476 453 2516 ab
488 2473 643 2516 Iliadis
693 2473 860 2517 diversi
906 2475 1014 2518 sint.
1077 2476 1189 2517 Nam
1235 2476 1325 2517 Od.
1356 2482 1399 2530 θ,
1432 2483 1515 2526 265
1538 2509 1595 2518 -..

300 2535 399 2576 506.
436 2530 773 2588 interpolatoris
806 2533 988 2575 Homeri
1016 2543 1159 2575 aetate
1191 2533 1322 2588 longe
1357 2542 1592 2583 recentio-

297 2591 362 2633 ris
392 2589 657 2646 figmentum
701 2605 823 2645 esse,
855 2591 958 2632 alias
1002 2588 1177 2633 ostendi
1205 2591 1476 2649 (Urgestailt
1509 2598 1593 2642 der

917 2656 921 2666 ’
1104 2660 1130 2693 Ζ
1155 2662 1177 2696 4
1435 2653 1594 2713 Odys..
