1780 3120
218 150 287 219 m
579 136 1269 218 ANTIQUITAS

213 289 270 336 lis
299 287 507 353 ejusdem
550 286 738 354 proprie
766 284 942 332 ordinis
973 295 1083 332 sunt
1109 292 1286 346 βασιλεὺς
1318 296 1365 335 et
1390 287 1550 346 ἄνακτες
1572 299 1590 328 ¹
1612 326 1625 350 ‚

217 355 428 420 quamvis
469 353 542 399 his
580 363 768 399 eatenus
813 351 1020 414 superior
1057 362 1177 399 esset
1230 370 1311 401 rex
1341 392 1351 411 ‚
1399 365 1626 420 quatenus

212 423 361 487 major
406 419 448 465 ei
483 418 723 464 auctoritas
754 415 1031 480 imperiique
1074 433 1252 464 summa
1284 419 1447 467 tradita
1489 423 1547 468 sit
1581 429 1629 467 et

214 485 452 532 'commissa
476 496 513 529 2.
595 482 707 544 Regi
741 484 963 546 cujusque
1002 482 1150 543 gentis
1188 484 1422 548 principes
1467 485 1632 533 iidem-

213 559 302 615 que
335 550 561 606 seniores,
594 548 749 601 ἄνακτες
790 565 827 593 s.
866 556 1056 609 γέροντες,
1094 546 1494 610 adjungebantur,
1530 551 1631 615 qui-

215 615 411 662 lmscum
450 613 508 660 de
537 613 729 659 summis
760 611 898 658 rebus
936 611 1126 658 consilia
1156 614 1294 659 iniret
1317 614 1338 646 3
1359 651 1370 672 ‚
1407 613 1631 681 deinceps

217 683 325 743 δήμῳ
365 678 752 726 communicanda
776 678 823 734 4,
872 678 936 723 ita
963 687 1148 733 tamen,
1183 687 1234 726 ut
1264 679 1311 724 in
1352 679 1407 726 iis
1451 682 1526 729 vel
1562 686 1633 745 ju-

214 744 382 792 bendis
410 744 484 794 vel
516 742 806 808 antiquandis
830 742 956 789 nulla
990 742 1165 807 populo
1205 752 1407 808 potestas
1438 755 1557 793 esset
1578 746 1601 780 5
1619 783 1633 802 ,

216 812 426 877 quamvis
458 809 516 856 ab
557 826 743 856 assensu
783 807 911 855 haud
954 808 1241 855 abstinerent
1266 809 1302 855 6.
1370 809 1443 856 Ab
1483 813 1636 858 orien-

215 877 377 923 talium
422 876 549 922 enim
590 885 839 938 regnorum
890 875 1034 920 forma
1079 874 1314 938 despotica
1359 883 1458 922 toto
1505 876 1636 942 quasi

218 942 344 988 coelo
367 942 651 987 Graecarum
681 939 881 986 distabat
913 940 1164 985 civitatium
1189 940 1480 1001 constitutio,
1517 960 1636 1007 quo-

220 1019 311 1072 que
344 1005 564 1070 deinceps
598 1004 921 1050 inclaruerunt
953 1004 1177 1052 libertatis
1224 1022 1379 1051 amore
1420 1008 1638 1054 sincerri-

221 1090 299 1119 mo
324 1110 335 1130 ,
364 1072 529 1118 eodem
561 1070 649 1116 hoc
695 1072 836 1116 etiam
873 1078 1083 1133 tempore
1119 1068 1290 1116 imbuti
1319 1081 1452 1117 erant
1490 1072 1639 1118 Grae-

222 1155 381 1185 corum
412 1136 569 1185 animi.
638 1134 939 1182 Publicarum
963 1136 1177 1181 universe
1215 1152 1373 1181 rerum
1406 1137 1636 1202 particeps

224 1212 320 1250 erat
347 1205 459 1264 δῆμος
484 1213 534 1262 7,
569 1211 615 1248 at
653 1202 936 1247 sententiam
977 1216 1072 1247 non
1105 1199 1364 1263 rogabatur.
1432 1201 1572 1260 Quod
1601 1202 1640 1248 si

219 1269 391 1316 sactum
416 1268 573 1314 fuisset
591 1305 602 1326 ‚
624 1269 673 1314 in
710 1267 919 1312 omnium
940 1265 1166 1312 malorum
1192 1267 1514 1329 gravissimum
1531 1304 1543 1325 ,
1579 1280 1650 1314 rto--¹

221 1333 448 1396 λυκοιραυίην
477 1333 581 1379 dico
600 1371 610 1391 ‚
645 1331 948 1388 incidissent,
986 1349 1124 1396 quam
1154 1333 1401 1396 pessimam
1428 1334 1642 1380 habuisse

224 1398 279 1446 ex
309 1398 490 1463 Ulyssis
524 1398 602 1445 illa
624 1397 834 1443 omnium
865 1397 1159 1444 sermonibus
1195 1396 1424 1444 celebrata
1461 1409 1642 1446 senten·

220 1466 284 1512 tia
314 1463 611 1528 intelligitur:

352 1535 441 1577 Οὐκ
472 1535 609 1592 ἀγαθὸν
631 1533 881 1592 πολυκοιρανίη
898 1545 907 1554 ·
941 1531 990 1583 εἷς
1015 1537 1176 1592 κείρανος
1205 1527 1332 1588 Zoro,

352 1598 424 1648 Εἷς
450 1598 627 1652 βασιλεὺς
642 1630 653 1650 ,
689 1594 720 1657 ᾧ
743 1599 838 1642 δῶκε
858 1599 1001 1657 Κρόνου
1030 1606 1116 1646 παῖς
1136 1598 1399 1655 ἀγκυλομήτεω

353 1662 547 1722 Σκῆπτρόν
572 1661 604 1706 τ’
625 1659 689 1713 ἠδὲ
712 1664 889 1719 θέμιστας
907 1697 918 1717 ,
945 1665 1008 1705 ἵνα
1042 1665 1166 1719 σφίσιν
1194 1659 1427 1720 ἐμβασιλεὺῃ
1450 1659 1486 1704 8.

289 1726 327 1790 §.
363 1724 409 1784 4
476 1726 567 1771 Sua
593 1732 758 1790 sponte
788 1725 957 1787 regiam
985 1731 1259 1788 potestatem
1285 1724 1337 1769 in
1368 1739 1444 1770 eos
1464 1721 1644 1769 defere-

224 1790 306 1838 bat
331 1788 559 1856 populus,
598 1790 677 1855 qui
699 1789 893 1847 virtute,
927 1789 1073 1835 forma
1092 1826 1103 1845 ‚
1137 1787 1325 1852 aliisque
1365 1804 1472 1835 cum
1504 1789 1647 1835 animi

227 1859 328 1903 turn
382 1856 590 1921 corporis
650 1855 943 1920 potissimum
993 1853 1176 1900 dotibus
1227 1862 1382 1900 essent
1427 1854 1646 1916 insignes,

226 1921 392 1988 Populi
422 1921 558 1985 igitur
582 1921 785 1967 favorem
810 1918 897 1965 sibi
935 1920 1179 1966 conciliare
1204 1933 1397 1982 regnum
1431 1912 1649 1965 affectan-

1589 1982 1650 2031 tis

278 2117 315 2161 1)
340 2115 429 2151 Hinc
454 2117 644 2160 γέροντες,
669 2117 847 2161 ἄνακτες,
871 2123 906 2150 et
926 2115 1098 2161 principes
1122 2113 1278 2148 universe
1301 2113 1369 2148 viri
1393 2113 1555 2147 dicuntur
1575 2116 1651 2154 βα-

232 2173 365 2215 σιλῆες.
419 2171 461 2205 Il.
493 2171 580 2216 XII,
611 2174 689 2217 519.
726 2179 760 2206 et
794 2171 1021 2214 σκηπτοῦχοι
1056 2169 1235 2212 βασιλῆες
1264 2167 1327 2203 Od.
1364 2167 1476 2213 VIII,
1500 2169 1559 2204 41.
1605 2167 1649 2205 I'l.

231 2226 291 2271 ΙΙ,
320 2228 377 2262 86.
412 2226 469 2260 cll.
493 2226 544 2271 X,
571 2228 646 2272 195·
772 2224 811 2270 2)
830 2225 912 2262 vid.
947 2225 987 2258 de
1029 2224 1203 2268 Agamem.
1238 2222 1281 2256 ll.
1309 2221 1376 2266 IX,
1413 2224 1456 2266 96
1481 2233 1575 2266 seqq.
1616 2229 1652 2256 et

231 2281 321 2326 inpr.
353 2293 398 2315 vs.
424 2282 497 2315 162.
546 2280 600 2317 Cf.
625 2280 763 2315 Muller.
799 2280 860 2325 Op.
882 2279 907 2313 1.
942 2278 1006 2314 vol.
1028 2278 1094 2315 Ill.
1126 2290 1159 2323 p.
1182 2290 1235 2323 97.
1343 2275 1380 2318 3)
1407 2276 1487 2312 vid.
1510 2276 1552 2310 ll.
1572 2276 1651 2321 ΙΙΙ,

230 2338 306 2370 146.
342 2334 404 2370 Od.
428 2334 536 2374 VIII,
569 2338 624 2381 98.
673 2334 728 2370 Cf.
754 2333 1006 2371 VVachsmuth.
1043 2334 1104 2378 Op.
1133 2331 1156 2368 l.
1191 2330 1256 2367 vol.
1289 2330 1319 2366 I.
1354 2343 1386 2371 p.
1410 2343 1465 2376 90.
1511 2330 1652 2366 Muller.

235 2389 298 2424 vol.
322 2388 388 2424 111.
413 2401 447 2434 p.
469 2401 525 2434 92·
552 2397 588 2422 et
612 2388 727 2424 Schol.
751 2390 792 2424 A.
828 2389 871 2422 ad
906 2388 949 2423 Il.
974 2386 1032 2432 ΙΙ,
1057 2401 1112 2423 21.
1218 2385 1256 2428 4)
1284 2385 1407 2419 Fusius
1437 2385 1477 2419 de
1503 2384 1557 2419 his
1583 2385 1653 2429 egit

233 2442 484 2478 VVachsmuth.
509 2444 571 2488 Op.
595 2443 620 2479 l.
658 2443 724 2477 vol.
743 2444 770 2479 Ι.
806 2456 838 2488 p.
862 2444 917 2488 89.
962 2441 1042 2478 vid.
1078 2440 1121 2476 ΙΙ.
1143 2440 1199 2485 II,
1223 2441 1278 2475 53.
1305 2439 1368 2472 Od.
1394 2439 1470 2483 ΙΙΙ,
1498 2452 1572 2484 127.
1605 2440 1652 2473 al.

236 2497 274 2540 5)
301 2496 383 2533 Vid.
418 2496 462 2531 Il·
486 2496 522 2531 II
545 2525 556 2542 ‚
588 2511 665 2533 202.
701 2497 790 2543 XII,
814 2498 887 2533 215.
1035 2495 1072 2539 6)
1100 2494 1180 2530 Vid.
1215 2494 1258 2529 ll.
1286 2493 1324 2537 I,
1357 2507 1410 2530 21.
1452 2493 1538 2533 ΧΠ,
1573 2495 1652 2530 310.

237 2551 374 2595 XVIII,
398 2552 569 2598 497seqq.
595 2559 629 2586 et
651 2551 704 2587 Cl.
728 2552 768 2588 P.
789 2564 823 2588 v.
849 2552 890 2586 L.
914 2550 1074 2584 Brouwer
1091 2578 1100 2595 ,
1125 2549 1333 2593 Remarq‘ues
1348 2560 1405 2581 sur
1424 2547 1475 2582 les
1496 2548 1654 2593 opinions

241 2605 280 2638 de
305 2606 348 2642 B.
373 2605 540 2640 Constant
562 2613 627 2643 etc.
653 2618 686 2651 p.
708 2608 783 2644 150.
898 2606 935 2651 7)
961 2605 1012 2640 De
1039 2616 1103 2650 quo
1131 2602 1196 2640 vid.
1228 2602 1262 2637 h.
1281 2614 1310 2641 e.
1344 2605 1376 2648 §-
1396 2603 1430 2640 4.
1547 2601 1585 2645 8)
1611 2600 1654 2637 ll.

239 2659 297 2704 11,
321 2661 385 2695 204
410 2672 505 2706 seqq.
