<?xml version="1.0" encoding="UTF-8"?>
<!DOCTYPE html PUBLIC "-//W3C//DTD XHTML 1.0 Transitional//EN"
    "http://www.w3.org/TR/xhtml1/DTD/xhtml1-transitional.dtd">
<html xmlns="http://www.w3.org/1999/xhtml" xml:lang="en" lang="en">
 <head>
  <title>
</title>
<meta http-equiv="Content-Type" content="text/html;charset=utf-8" />
  <meta name='ocr-system' content='tesseract 3.04.00' />
  <meta name='ocr-capabilities' content='ocr_page ocr_carea ocr_par ocr_line ocrx_word'/>
</head>
<body>
  <div class='ocr_page' id='page_1' title='image "antiquitashomeri00terpuoft_0016.png"; bbox 0 0 1750 3116; ppageno 0'>
   <div class='ocr_carea' id='block_1_1' title="bbox 186 155 1273 213">
    <p class='ocr_par' dir='ltr' id='par_1_1' title="bbox 186 155 1273 213">
     <span class='ocr_line' id='line_1_1' title="bbox 186 155 1273 213; baseline -0.004 -6"><span class='ocrx_word' id='word_1_1' title='bbox 186 179 266 213; x_wconf 81' lang='lat' dir='ltr'><strong>x1v</strong></span> <span class='ocrx_word' id='word_1_2' title='bbox 593 155 1273 206; x_wconf 88' lang='lat' dir='ltr'><strong>PROOEMIUM.</strong></span> 
     </span>
    </p>
   </div>
   <div class='ocr_carea' id='block_1_2' title="bbox 179 285 1621 2394">
    <p class='ocr_par' dir='ltr' id='par_1_2' title="bbox 179 285 1621 2394">
     <span class='ocr_line' id='line_1_2' title="bbox 182 285 1587 353; baseline -0.002 -12"><span class='ocrx_word' id='word_1_3' title='bbox 182 290 528 341; x_wconf 87' lang='lat' dir='ltr'><strong>emendandum</strong></span> <span class='ocrx_word' id='word_1_4' title='bbox 563 305 661 336; x_wconf 89' lang='lat' dir='ltr'><strong>esse</strong></span> <span class='ocrx_word' id='word_1_5' title='bbox 693 286 960 334; x_wconf 83' lang='lat' dir='ltr'><strong>arbitrabar.</strong></span> <span class='ocrx_word' id='word_1_6' title='bbox 1025 285 1214 333; x_wconf 86' lang='lat' dir='ltr'><strong>Etenim</strong></span> <span class='ocrx_word' id='word_1_7' title='bbox 1247 286 1286 332; x_wconf 90' lang='lat' dir='ltr'><strong>si</strong></span> <span class='ocrx_word' id='word_1_8' title='bbox 1315 286 1364 333; x_wconf 85' lang='lat' dir='ltr'><strong>in</strong></span> <span class='ocrx_word' id='word_1_9' title='bbox 1391 289 1587 353; x_wconf 80' lang='lat' dir='ltr'><strong>augendi</strong></span> 
     </span>
     <span class='ocr_line' id='line_1_3' title="bbox 180 365 1586 434; baseline -0.002 -16"><span class='ocrx_word' id='word_1_10' title='bbox 180 370 551 434; x_wconf 89' lang='lat' dir='ltr'><strong>emendandique</strong></span> <span class='ocrx_word' id='word_1_11' title='bbox 580 367 818 433; x_wconf 82' lang='lat' dir='ltr'><strong>proposito</strong></span> <span class='ocrx_word' id='word_1_12' title='bbox 853 365 1237 430; x_wconf 84' lang='lat' dir='ltr'><strong>permansissem,</strong></span> <span class='ocrx_word' id='word_1_13' title='bbox 1271 366 1493 415; x_wconf 88' lang='lat' dir='ltr'><strong>nonnulla</strong></span> <span class='ocrx_word' id='word_1_14' title='bbox 1521 368 1586 415; x_wconf 88' lang='lat' dir='ltr'><strong>ita</strong></span> 
     </span>
     <span class='ocr_line' id='line_1_4' title="bbox 179 441 1588 512; baseline -0.004 -15"><span class='ocrx_word' id='word_1_15' title='bbox 179 451 296 498; x_wconf 83' lang='lat' dir='ltr'><strong>mihi</strong></span> <span class='ocrx_word' id='word_1_16' title='bbox 311 447 518 512; x_wconf 84' lang='lat' dir='ltr'><strong>augenda</strong></span> <span class='ocrx_word' id='word_1_17' title='bbox 547 455 593 492; x_wconf 91' lang='lat' dir='ltr'><strong>et</strong></span> <span class='ocrx_word' id='word_1_18' title='bbox 618 442 911 491; x_wconf 87' lang='lat' dir='ltr'><strong>emendanda</strong></span> <span class='ocrx_word' id='word_1_19' title='bbox 934 441 1149 490; x_wconf 84' lang='lat' dir='ltr'><strong>videbam</strong></span> <span class='ocrx_word' id='word_1_20' title='bbox 1165 480 1176 502; x_wconf 97' lang='lat'><strong>,</strong></span> <span class='ocrx_word' id='word_1_21' title='bbox 1198 451 1250 488; x_wconf 92' lang='lat' dir='ltr'><strong>ut</strong></span> <span class='ocrx_word' id='word_1_22' title='bbox 1278 441 1362 489; x_wconf 87' lang='lat' dir='ltr'><strong>alia</strong></span> <span class='ocrx_word' id='word_1_23' title='bbox 1396 446 1588 492; x_wconf 87' lang='lat' dir='ltr'><strong>omni-no</strong></span> 
     </span>
     <span class='ocr_line' id='line_1_5' title="bbox 179 520 1590 586; baseline -0.005 -10"><span class='ocrx_word' id='word_1_24' title='bbox 179 532 345 578; x_wconf 85' lang='lat' dir='ltr'><strong>fierent</strong></span> <span class='ocrx_word' id='word_1_25' title='bbox 361 565 372 585; x_wconf 96' lang='lat'><strong>,</strong></span> <span class='ocrx_word' id='word_1_26' title='bbox 406 521 493 572; x_wconf 83' lang='lat' dir='ltr'><strong>nec</strong></span> <span class='ocrx_word' id='word_1_27' title='bbox 516 524 608 571; x_wconf 91' lang='lat' dir='ltr'><strong>nisi</strong></span> <span class='ocrx_word' id='word_1_28' title='bbox 632 522 825 570; x_wconf 87' lang='lat' dir='ltr'><strong>obscura</strong></span> <span class='ocrx_word' id='word_1_29' title='bbox 849 529 1090 567; x_wconf 82' lang='lat' dir='ltr'><strong>manerent</strong></span> <span class='ocrx_word' id='word_1_30' title='bbox 1112 520 1280 586; x_wconf 88' lang='lat' dir='ltr'><strong>prioris</strong></span> <span class='ocrx_word' id='word_1_31' title='bbox 1307 521 1481 568; x_wconf 83' lang='lat' dir='ltr'><strong>formae</strong></span> <span class='ocrx_word' id='word_1_32' title='bbox 1508 539 1590 571; x_wconf 87' lang='lat' dir='ltr'><strong>ve-</strong></span> 
     </span>
     <span class='ocr_line' id='line_1_6' title="bbox 180 597 1591 670; baseline -0.004 -16"><span class='ocrx_word' id='word_1_33' title='bbox 180 606 330 670; x_wconf 83' lang='lat' dir='ltr'><strong>stigia.</strong></span> <span class='ocrx_word' id='word_1_34' title='bbox 393 605 523 650; x_wconf 88' lang='lat' dir='ltr'><strong>Haec</strong></span> <span class='ocrx_word' id='word_1_35' title='bbox 550 610 704 648; x_wconf 86' lang='lat' dir='ltr'><strong>autem</strong></span> <span class='ocrx_word' id='word_1_36' title='bbox 731 599 803 647; x_wconf 89' lang='lat' dir='ltr'><strong>vel</strong></span> <span class='ocrx_word' id='word_1_37' title='bbox 829 599 881 646; x_wconf 91' lang='lat' dir='ltr'><strong>in</strong></span> <span class='ocrx_word' id='word_1_38' title='bbox 909 597 1081 645; x_wconf 84' lang='lat' dir='ltr'><strong>bonam</strong></span> <span class='ocrx_word' id='word_1_39' title='bbox 1108 598 1180 646; x_wconf 89' lang='lat' dir='ltr'><strong>vel</strong></span> <span class='ocrx_word' id='word_1_40' title='bbox 1212 598 1263 645; x_wconf 90' lang='lat' dir='ltr'><strong>in</strong></span> <span class='ocrx_word' id='word_1_41' title='bbox 1295 599 1460 646; x_wconf 85' lang='lat' dir='ltr'><strong>malam</strong></span> <span class='ocrx_word' id='word_1_42' title='bbox 1486 619 1591 666; x_wconf 83' lang='lat' dir='ltr'><strong>par-</strong></span> 
     </span>
     <span class='ocr_line' id='line_1_7' title="bbox 183 675 1593 748; baseline -0.005 -16"><span class='ocrx_word' id='word_1_43' title='bbox 183 695 280 734; x_wconf 79' lang='lat' dir='ltr'><strong>tem</strong></span> <span class='ocrx_word' id='word_1_44' title='bbox 316 680 468 748; x_wconf 89' lang='lat' dir='ltr'><strong>(quod</strong></span> <span class='ocrx_word' id='word_1_45' title='bbox 496 679 571 727; x_wconf 89' lang='lat' dir='ltr'><strong>alii</strong></span> <span class='ocrx_word' id='word_1_46' title='bbox 600 678 838 743; x_wconf 76' lang='lat' dir='ltr'><strong>judicent)</strong></span> <span class='ocrx_word' id='word_1_47' title='bbox 869 685 1045 724; x_wconf 86' lang='lat' dir='ltr'><strong>mutata</strong></span> <span class='ocrx_word' id='word_1_48' title='bbox 1069 675 1240 724; x_wconf 88' lang='lat' dir='ltr'><strong>Feithii</strong></span> <span class='ocrx_word' id='word_1_49' title='bbox 1272 678 1463 725; x_wconf 87' lang='lat' dir='ltr'><strong>nomine</strong></span> <span class='ocrx_word' id='word_1_50' title='bbox 1488 679 1593 725; x_wconf 80' lang='lat' dir='ltr'><strong>ede·</strong></span> 
     </span>
     <span class='ocr_line' id='line_1_8' title="bbox 184 753 1597 820; baseline -0.004 -10"><span class='ocrx_word' id='word_1_51' title='bbox 184 781 235 811; x_wconf 89' lang='lat' dir='ltr'><strong>re</strong></span> <span class='ocrx_word' id='word_1_52' title='bbox 268 770 315 808; x_wconf 84' lang='lat' dir='ltr'><strong>et</strong></span> <span class='ocrx_word' id='word_1_53' title='bbox 342 761 409 807; x_wconf 89' lang='lat' dir='ltr'><strong>rei</strong></span> <span class='ocrx_word' id='word_1_54' title='bbox 437 768 600 805; x_wconf 77' lang='lat' dir='ltr'><strong>natura</strong></span> <span class='ocrx_word' id='word_1_55' title='bbox 629 753 951 815; x_wconf 89' lang='lat' dir='ltr'><strong>dissuadebat,</strong></span> <span class='ocrx_word' id='word_1_56' title='bbox 989 763 1036 801; x_wconf 90' lang='lat' dir='ltr'><strong>et</strong></span> <span class='ocrx_word' id='word_1_57' title='bbox 1063 755 1209 820; x_wconf 87' lang='lat' dir='ltr'><strong>ipsius</strong></span> <span class='ocrx_word' id='word_1_58' title='bbox 1229 757 1372 804; x_wconf 86' lang='lat' dir='ltr'><strong>Doct.</strong></span> <span class='ocrx_word' id='word_1_59' title='bbox 1396 755 1502 804; x_wconf 81' lang='lat' dir='ltr'><strong>Viri</strong></span> <span class='ocrx_word' id='word_1_60' title='bbox 1535 757 1597 805; x_wconf 88' lang='lat' dir='ltr'><strong>fa-</strong></span> 
     </span>
     <span class='ocr_line' id='line_1_9' title="bbox 183 833 1599 900; baseline -0.004 -12"><span class='ocrx_word' id='word_1_61' title='bbox 183 858 260 889; x_wconf 85' lang='lat' dir='ltr'><strong>ma</strong></span> <span class='ocrx_word' id='word_1_62' title='bbox 290 837 502 895; x_wconf 85' lang='lat' dir='ltr'><strong>vetabat,</strong></span> <span class='ocrx_word' id='word_1_63' title='bbox 541 845 588 883; x_wconf 87' lang='lat' dir='ltr'><strong>et</strong></span> <span class='ocrx_word' id='word_1_64' title='bbox 615 852 722 883; x_wconf 81' lang='lat' dir='ltr'><strong>vero</strong></span> <span class='ocrx_word' id='word_1_65' title='bbox 756 833 897 900; x_wconf 89' lang='lat' dir='ltr'><strong>(quid</strong></span> <span class='ocrx_word' id='word_1_66' title='bbox 928 835 1055 881; x_wconf 90' lang='lat' dir='ltr'><strong>enim</strong></span> <span class='ocrx_word' id='word_1_67' title='bbox 1092 833 1321 897; x_wconf 85' lang='lat' dir='ltr'><strong>diffitear)</strong></span> <span class='ocrx_word' id='word_1_68' title='bbox 1355 833 1472 882; x_wconf 75' lang='lat' dir='ltr'><strong>mihi</strong></span> <span class='ocrx_word' id='word_1_69' title='bbox 1505 835 1599 883; x_wconf 86' lang='lat' dir='ltr'><strong>dis-</strong></span> 
     </span>
     <span class='ocr_line' id='line_1_10' title="bbox 187 911 1600 986; baseline -0.004 -21"><span class='ocrx_word' id='word_1_70' title='bbox 187 917 406 986; x_wconf 82' lang='lat' dir='ltr'><strong>plicebat.</strong></span> <span class='ocrx_word' id='word_1_71' title='bbox 472 917 546 963; x_wconf 86' lang='lat' dir='ltr'><strong>Ex</strong></span> <span class='ocrx_word' id='word_1_72' title='bbox 576 913 848 961; x_wconf 68' lang='lat' dir='ltr'><strong>Stoberiana</strong></span> <span class='ocrx_word' id='word_1_73' title='bbox 871 922 1029 960; x_wconf 90' lang='lat' dir='ltr'><strong>tamen</strong></span> <span class='ocrx_word' id='word_1_74' title='bbox 1060 911 1233 961; x_wconf 81' lang='lat' dir='ltr'><strong>Feithii</strong></span> <span class='ocrx_word' id='word_1_75' title='bbox 1268 911 1470 959; x_wconf 79' lang='lat' dir='ltr'><strong>editione</strong></span> <span class='ocrx_word' id='word_1_76' title='bbox 1501 930 1600 961; x_wconf 89' lang='lat' dir='ltr'><strong>ser-</strong></span> 
     </span>
     <span class='ocr_line' id='line_1_11' title="bbox 186 991 1598 1061; baseline -0.004 -16"><span class='ocrx_word' id='word_1_77' title='bbox 186 998 314 1056; x_wconf 85' lang='lat' dir='ltr'><strong>vavi,</strong></span> <span class='ocrx_word' id='word_1_78' title='bbox 349 1011 464 1061; x_wconf 80' lang='lat' dir='ltr'><strong>quae</strong></span> <span class='ocrx_word' id='word_1_79' title='bbox 492 992 613 1039; x_wconf 82' lang='lat' dir='ltr'><strong>salvo</strong></span> <span class='ocrx_word' id='word_1_80' title='bbox 639 991 848 1038; x_wconf 85' lang='lat' dir='ltr'><strong>instituto</strong></span> <span class='ocrx_word' id='word_1_81' title='bbox 875 999 1033 1037; x_wconf 87' lang='lat' dir='ltr'><strong>nostro</strong></span> <span class='ocrx_word' id='word_1_82' title='bbox 1067 991 1241 1039; x_wconf 86' lang='lat' dir='ltr'><strong>servari</strong></span> <span class='ocrx_word' id='word_1_83' title='bbox 1268 999 1511 1056; x_wconf 79' lang='lat' dir='ltr'><strong>poterant:</strong></span> <span class='ocrx_word' id='word_1_84' title='bbox 1546 991 1598 1039; x_wconf 86' lang='lat' dir='ltr'><strong>id</strong></span> 
     </span>
     <span class='ocr_line' id='line_1_12' title="bbox 188 1069 1605 1137; baseline -0.012 -14"><span class='ocrx_word' id='word_1_85' title='bbox 188 1086 284 1134; x_wconf 86' lang='lat' dir='ltr'><strong>est,</strong></span> <span class='ocrx_word' id='word_1_86' title='bbox 321 1092 428 1120; x_wconf 85' lang='lat' dir='ltr'><strong>cum</strong></span> <span class='ocrx_word' id='word_1_87' title='bbox 454 1071 605 1137; x_wconf 86' lang='lat' dir='ltr'><strong>operis</strong></span> <span class='ocrx_word' id='word_1_88' title='bbox 626 1070 676 1116; x_wconf 88' lang='lat' dir='ltr'><strong>in</strong></span> <span class='ocrx_word' id='word_1_89' title='bbox 704 1069 845 1116; x_wconf 86' lang='lat' dir='ltr'><strong>libros</strong></span> <span class='ocrx_word' id='word_1_90' title='bbox 863 1107 874 1128; x_wconf 96' lang='lat'><strong>,</strong></span> <span class='ocrx_word' id='word_1_91' title='bbox 902 1069 1052 1134; x_wconf 82' lang='lat' dir='ltr'><strong>capita</strong></span> <span class='ocrx_word' id='word_1_92' title='bbox 1082 1076 1128 1115; x_wconf 85' lang='lat' dir='ltr'><strong>et</strong></span> <span class='ocrx_word' id='word_1_93' title='bbox 1146 1071 1456 1135; x_wconf 83' lang='lat' dir='ltr'><strong>paragraphos</strong></span> <span class='ocrx_word' id='word_1_94' title='bbox 1480 1082 1498 1108; x_wconf 71' lang='grc' dir='ltr'>ι</span> <span class='ocrx_word' id='word_1_95' title='bbox 1533 1070 1605 1118; x_wconf 82' lang='lat' dir='ltr'><strong>di-</strong></span> 
     </span>
     <span class='ocr_line' id='line_1_13' title="bbox 189 1147 1602 1212; baseline -0.004 -9"><span class='ocrx_word' id='word_1_96' title='bbox 189 1154 438 1210; x_wconf 77' lang='lat' dir='ltr'><strong>visionem3</strong></span> <span class='ocrx_word' id='word_1_97' title='bbox 485 1159 586 1196; x_wconf 85' lang='lat' dir='ltr'><strong>tum</strong></span> <span class='ocrx_word' id='word_1_98' title='bbox 621 1147 914 1206; x_wconf 87' lang='lat' dir='ltr'><strong>testimonia,</strong></span> <span class='ocrx_word' id='word_1_99' title='bbox 960 1163 1081 1212; x_wconf 88' lang='lat' dir='ltr'><strong>quae</strong></span> <span class='ocrx_word' id='word_1_100' title='bbox 1122 1163 1177 1194; x_wconf 88' lang='lat' dir='ltr'><strong>ex</strong></span> <span class='ocrx_word' id='word_1_101' title='bbox 1211 1148 1405 1196; x_wconf 87' lang='lat' dir='ltr'><strong>Homeri</strong></span> <span class='ocrx_word' id='word_1_102' title='bbox 1438 1151 1602 1197; x_wconf 88' lang='lat' dir='ltr'><strong>carmi·</strong></span> 
     </span>
     <span class='ocr_line' id='line_1_14' title="bbox 189 1224 1605 1296; baseline -0.005 -15"><span class='ocrx_word' id='word_1_103' title='bbox 189 1233 334 1282; x_wconf 85' lang='lat' dir='ltr'><strong>nibus</strong></span> <span class='ocrx_word' id='word_1_104' title='bbox 361 1229 505 1296; x_wconf 85' lang='lat' dir='ltr'><strong>petita</strong></span> <span class='ocrx_word' id='word_1_105' title='bbox 527 1235 690 1274; x_wconf 83' lang='lat' dir='ltr'><strong>erant:</strong></span> <span class='ocrx_word' id='word_1_106' title='bbox 728 1226 905 1290; x_wconf 85' lang='lat' dir='ltr'><strong>partim</strong></span> <span class='ocrx_word' id='word_1_107' title='bbox 925 1261 936 1283; x_wconf 95' lang='lat'>‚</span> <span class='ocrx_word' id='word_1_108' title='bbox 974 1225 1100 1291; x_wconf 89' lang='lat' dir='ltr'><strong>quod</strong></span> <span class='ocrx_word' id='word_1_109' title='bbox 1145 1224 1483 1290; x_wconf 87' lang='lat' dir='ltr'><strong>discipulorum</strong></span> <span class='ocrx_word' id='word_1_110' title='bbox 1516 1228 1605 1275; x_wconf 87' lang='lat' dir='ltr'><strong>uti—</strong></span> 
     </span>
     <span class='ocr_line' id='line_1_15' title="bbox 190 1302 1606 1370; baseline -0.004 -11"><span class='ocrx_word' id='word_1_111' title='bbox 190 1314 311 1361; x_wconf 84' lang='lat' dir='ltr'><strong>litati</strong></span> <span class='ocrx_word' id='word_1_112' title='bbox 340 1319 387 1356; x_wconf 90' lang='lat' dir='ltr'><strong>et</strong></span> <span class='ocrx_word' id='word_1_113' title='bbox 412 1304 732 1355; x_wconf 75' lang='lat' dir='ltr'><strong>commoditati</strong></span> <span class='ocrx_word' id='word_1_114' title='bbox 759 1304 904 1366; x_wconf 77' lang='lat' dir='ltr'><strong>magis</strong></span> <span class='ocrx_word' id='word_1_115' title='bbox 924 1302 1279 1350; x_wconf 80' lang='lat' dir='ltr'><strong>‘inserviendum</strong></span> <span class='ocrx_word' id='word_1_116' title='bbox 1306 1314 1430 1362; x_wconf 82' lang='lat' dir='ltr'><strong>erat,</strong></span> <span class='ocrx_word' id='word_1_117' title='bbox 1466 1323 1606 1370; x_wconf 87' lang='lat' dir='ltr'><strong>quam</strong></span> 
     </span>
     <span class='ocr_line' id='line_1_16' title="bbox 193 1380 1610 1453; baseline -0.005 -16"><span class='ocrx_word' id='word_1_118' title='bbox 193 1387 457 1453; x_wconf 77' lang='lat' dir='ltr'><strong>scriptionis</strong></span> <span class='ocrx_word' id='word_1_119' title='bbox 497 1383 744 1445; x_wconf 77' lang='lat' dir='ltr'><strong>elegantiae</strong></span> <span class='ocrx_word' id='word_1_120' title='bbox 781 1390 828 1428; x_wconf 91' lang='lat' dir='ltr'><strong>et</strong></span> <span class='ocrx_word' id='word_1_121' title='bbox 866 1381 1109 1437; x_wconf 79' lang='lat' dir='ltr'><strong>suavitati3</strong></span> <span class='ocrx_word' id='word_1_122' title='bbox 1148 1380 1348 1445; x_wconf 80' lang='lat' dir='ltr'><strong>partim,</strong></span> <span class='ocrx_word' id='word_1_123' title='bbox 1386 1399 1444 1428; x_wconf 88' lang='lat' dir='ltr'><strong>ne</strong></span> <span class='ocrx_word' id='word_1_124' title='bbox 1482 1384 1610 1430; x_wconf 85' lang='lat' dir='ltr'><strong>testi·-</strong></span> 
     </span>
     <span class='ocr_line' id='line_1_17' title="bbox 191 1457 1611 1525; baseline -0.01 -8"><span class='ocrx_word' id='word_1_125' title='bbox 191 1469 347 1518; x_wconf 79' lang='lat' dir='ltr'><strong>monia</strong></span> <span class='ocrx_word' id='word_1_126' title='bbox 390 1463 635 1513; x_wconf 85' lang='lat' dir='ltr'><strong>Homerica</strong></span> <span class='ocrx_word' id='word_1_127' title='bbox 685 1459 821 1506; x_wconf 71' lang='lat' dir='ltr'><strong>allata</strong></span> <span class='ocrx_word' id='word_1_128' title='bbox 863 1457 1146 1520; x_wconf 80' lang='lat' dir='ltr'><strong>negligentes</strong></span> <span class='ocrx_word' id='word_1_129' title='bbox 1191 1457 1289 1506; x_wconf 90' lang='lat' dir='ltr'><strong>aliis</strong></span> <span class='ocrx_word' id='word_1_130' title='bbox 1333 1462 1611 1525; x_wconf 81' lang='lat' dir='ltr'><strong>quaerendis</strong></span> 
     </span>
     <span class='ocr_line' id='line_1_18' title="bbox 200 1534 1610 1615; baseline 0.009 -40"><span class='ocrx_word' id='word_1_131' title='bbox 200 1564 388 1615; x_wconf 56' lang='lat' dir='ltr'><strong>Operam</strong></span> <span class='ocrx_word' id='word_1_132' title='bbox 428 1541 745 1610; x_wconf 80' lang='lat' dir='ltr'><strong>perderemus.</strong></span> <span class='ocrx_word' id='word_1_133' title='bbox 813 1537 912 1585; x_wconf 84' lang='lat' dir='ltr'><strong>Nee</strong></span> <span class='ocrx_word' id='word_1_134' title='bbox 942 1544 1102 1581; x_wconf 86' lang='lat' dir='ltr'><strong>tamen</strong></span> <span class='ocrx_word' id='word_1_135' title='bbox 1135 1534 1265 1582; x_wconf 76' lang='lat' dir='ltr'><strong>aliter</strong></span> <span class='ocrx_word' id='word_1_136' title='bbox 1296 1538 1395 1584; x_wconf 86' lang='lat' dir='ltr'><strong>fieri</strong></span> <span class='ocrx_word' id='word_1_137' title='bbox 1429 1540 1610 1604; x_wconf 85' lang='lat' dir='ltr'><strong>potuit,</strong></span> 
     </span>
     <span class='ocr_line' id='line_1_19' title="bbox 195 1613 1612 1693; baseline -0.006 -20"><span class='ocrx_word' id='word_1_138' title='bbox 195 1628 309 1693; x_wconf 84' lang='lat' dir='ltr'><strong>quin</strong></span> <span class='ocrx_word' id='word_1_139' title='bbox 344 1632 389 1670; x_wconf 86' lang='lat' dir='ltr'><strong>et</strong></span> <span class='ocrx_word' id='word_1_140' title='bbox 426 1623 476 1668; x_wconf 87' lang='lat' dir='ltr'><strong>in</strong></span> <span class='ocrx_word' id='word_1_141' title='bbox 510 1619 600 1665; x_wconf 83' lang='lat' dir='ltr'><strong>illis</strong></span> <span class='ocrx_word' id='word_1_142' title='bbox 627 1613 854 1682; x_wconf 80' lang='lat' dir='ltr'><strong>quaedam</strong></span> <span class='ocrx_word' id='word_1_143' title='bbox 890 1621 1133 1659; x_wconf 85' lang='lat' dir='ltr'><strong>mutarem.</strong></span> <span class='ocrx_word' id='word_1_144' title='bbox 1204 1614 1304 1661; x_wconf 85' lang='lat' dir='ltr'><strong>Alia</strong></span> <span class='ocrx_word' id='word_1_145' title='bbox 1329 1617 1504 1663; x_wconf 86' lang='lat' dir='ltr'><strong>scilicet</strong></span> <span class='ocrx_word' id='word_1_146' title='bbox 1533 1636 1612 1665; x_wconf 91' lang='lat' dir='ltr'><strong>ca-</strong></span> 
     </span>
     <span class='ocr_line' id='line_1_20' title="bbox 197 1691 1611 1771; baseline -0.008 -19"><span class='ocrx_word' id='word_1_147' title='bbox 197 1706 297 1771; x_wconf 76' lang='lat' dir='ltr'><strong>pita</strong></span> <span class='ocrx_word' id='word_1_148' title='bbox 333 1711 380 1749; x_wconf 84' lang='lat' dir='ltr'><strong>et</strong></span> <span class='ocrx_word' id='word_1_149' title='bbox 420 1696 727 1764; x_wconf 79' lang='lat' dir='ltr'><strong>paragraphos</strong></span> <span class='ocrx_word' id='word_1_150' title='bbox 771 1695 977 1757; x_wconf 73' lang='lat' dir='ltr'><strong>sejuncta</strong></span> <span class='ocrx_word' id='word_1_151' title='bbox 1010 1691 1245 1756; x_wconf 73' lang='lat' dir='ltr'><strong>jungenda</strong></span> <span class='ocrx_word' id='word_1_152' title='bbox 1268 1731 1279 1752; x_wconf 92' lang='lat'>‚</span> <span class='ocrx_word' id='word_1_153' title='bbox 1324 1694 1413 1743; x_wconf 85' lang='lat' dir='ltr'><strong>alia</strong></span> <span class='ocrx_word' id='word_1_154' title='bbox 1454 1700 1611 1761; x_wconf 82' lang='lat' dir='ltr'><strong>juncta</strong></span> 
     </span>
     <span class='ocr_line' id='line_1_21' title="bbox 201 1770 1612 1848; baseline -0.004 -20"><span class='ocrx_word' id='word_1_155' title='bbox 201 1778 453 1848; x_wconf 81' lang='lat' dir='ltr'><strong>separanda</strong></span> <span class='ocrx_word' id='word_1_156' title='bbox 497 1792 593 1822; x_wconf 87' lang='lat' dir='ltr'><strong>esse</strong></span> <span class='ocrx_word' id='word_1_157' title='bbox 624 1773 767 1822; x_wconf 85' lang='lat' dir='ltr'><strong>duxi:</strong></span> <span class='ocrx_word' id='word_1_158' title='bbox 813 1771 897 1818; x_wconf 85' lang='lat' dir='ltr'><strong>alia</strong></span> <span class='ocrx_word' id='word_1_159' title='bbox 936 1770 1095 1829; x_wconf 84' lang='lat' dir='ltr'><strong>omisi,</strong></span> <span class='ocrx_word' id='word_1_160' title='bbox 1141 1789 1260 1818; x_wconf 87' lang='lat' dir='ltr'><strong>nova</strong></span> <span class='ocrx_word' id='word_1_161' title='bbox 1305 1772 1392 1820; x_wconf 87' lang='lat' dir='ltr'><strong>alia</strong></span> <span class='ocrx_word' id='word_1_162' title='bbox 1424 1774 1612 1836; x_wconf 84' lang='lat' dir='ltr'><strong>addidi,</strong></span> 
     </span>
     <span class='ocr_line' id='line_1_22' title="bbox 201 1849 1612 1929; baseline -0.006 -21"><span class='ocrx_word' id='word_1_163' title='bbox 201 1877 317 1929; x_wconf 78' lang='lat' dir='ltr'><strong>quae</strong></span> <span class='ocrx_word' id='word_1_164' title='bbox 346 1869 586 1905; x_wconf 84' lang='lat' dir='ltr'><strong>recensere</strong></span> <span class='ocrx_word' id='word_1_165' title='bbox 617 1867 782 1916; x_wconf 83' lang='lat' dir='ltr'><strong>operae</strong></span> <span class='ocrx_word' id='word_1_166' title='bbox 811 1849 1016 1914; x_wconf 81' lang='lat' dir='ltr'><strong>pretium</strong></span> <span class='ocrx_word' id='word_1_167' title='bbox 1043 1866 1141 1896; x_wconf 89' lang='lat' dir='ltr'><strong>non</strong></span> <span class='ocrx_word' id='word_1_168' title='bbox 1172 1859 1271 1897; x_wconf 90' lang='lat' dir='ltr'><strong>est:</strong></span> <span class='ocrx_word' id='word_1_169' title='bbox 1301 1861 1459 1899; x_wconf 84' lang='lat' dir='ltr'><strong>utrum</strong></span> <span class='ocrx_word' id='word_1_170' title='bbox 1487 1864 1612 1901; x_wconf 83' lang='lat' dir='ltr'><strong>recte</strong></span> 
     </span>
     <span class='ocr_line' id='line_1_23' title="bbox 203 1927 1616 1995; baseline -0.006 -7"><span class='ocrx_word' id='word_1_171' title='bbox 203 1940 425 1995; x_wconf 82' lang='lat' dir='ltr'><strong>fecerim,</strong></span> <span class='ocrx_word' id='word_1_172' title='bbox 459 1933 650 1982; x_wconf 86' lang='lat' dir='ltr'><strong>videant</strong></span> <span class='ocrx_word' id='word_1_173' title='bbox 681 1928 817 1993; x_wconf 88' lang='lat' dir='ltr'><strong>aequi</strong></span> <span class='ocrx_word' id='word_1_174' title='bbox 849 1927 991 1992; x_wconf 82' lang='lat' dir='ltr'><strong>hujus</strong></span> <span class='ocrx_word' id='word_1_175' title='bbox 1025 1928 1092 1974; x_wconf 88' lang='lat' dir='ltr'><strong>rei</strong></span> <span class='ocrx_word' id='word_1_176' title='bbox 1128 1927 1322 1991; x_wconf 76' lang='lat' dir='ltr'><strong>judiees,</strong></span> <span class='ocrx_word' id='word_1_177' title='bbox 1387 1931 1526 1990; x_wconf 83' lang='lat' dir='ltr'><strong>Quod</strong></span> <span class='ocrx_word' id='word_1_178' title='bbox 1558 1931 1616 1979; x_wconf 90' lang='lat' dir='ltr'><strong>ad</strong></span> 
     </span>
     <span class='ocr_line' id='line_1_24' title="bbox 205 2005 1615 2077; baseline -0.006 -11"><span class='ocrx_word' id='word_1_179' title='bbox 205 2015 494 2071; x_wconf 84' lang='lat' dir='ltr'><strong>testimonia,</strong></span> <span class='ocrx_word' id='word_1_180' title='bbox 541 2025 657 2077; x_wconf 89' lang='lat' dir='ltr'><strong>quae</strong></span> <span class='ocrx_word' id='word_1_181' title='bbox 689 2007 922 2064; x_wconf 79' lang='lat' dir='ltr'><strong>diximus,</strong></span> <span class='ocrx_word' id='word_1_182' title='bbox 972 2005 1164 2063; x_wconf 77' lang='lat' dir='ltr'><strong>attinet,</strong></span> <span class='ocrx_word' id='word_1_183' title='bbox 1217 2025 1242 2053; x_wconf 85' lang='lat' dir='ltr'><strong>a</strong></span> <span class='ocrx_word' id='word_1_184' title='bbox 1276 2007 1315 2054; x_wconf 89' lang='lat' dir='ltr'><strong>F</strong></span> <span class='ocrx_word' id='word_1_185' title='bbox 1319 2007 1460 2055; x_wconf 83' lang='lat' dir='ltr'><strong>eithio</strong></span> <span class='ocrx_word' id='word_1_186' title='bbox 1496 2009 1615 2058; x_wconf 84' lang='lat' dir='ltr'><strong>datis</strong></span> 
     </span>
     <span class='ocr_line' id='line_1_25' title="bbox 209 2084 1618 2158; baseline -0.005 -13"><span class='ocrx_word' id='word_1_187' title='bbox 209 2099 320 2154; x_wconf 79' lang='lat' dir='ltr'><strong>alia,</strong></span> <span class='ocrx_word' id='word_1_188' title='bbox 355 2109 527 2158; x_wconf 82' lang='lat' dir='ltr'><strong>eaque,</strong></span> <span class='ocrx_word' id='word_1_189' title='bbox 561 2095 786 2155; x_wconf 85' lang='lat' dir='ltr'><strong>quantum</strong></span> <span class='ocrx_word' id='word_1_190' title='bbox 812 2084 968 2143; x_wconf 86' lang='lat' dir='ltr'><strong>licuit,</strong></span> <span class='ocrx_word' id='word_1_191' title='bbox 1002 2100 1058 2131; x_wconf 82' lang='lat' dir='ltr'><strong>ex</strong></span> <span class='ocrx_word' id='word_1_192' title='bbox 1086 2092 1284 2151; x_wconf 86' lang='lat' dir='ltr'><strong>utroque</strong></span> <span class='ocrx_word' id='word_1_193' title='bbox 1314 2087 1481 2134; x_wconf 66' lang='lat' dir='ltr'><strong>Poetae</strong></span> <span class='ocrx_word' id='word_1_194' title='bbox 1515 2107 1618 2138; x_wconf 85' lang='lat' dir='ltr'><strong>car-</strong></span> 
     </span>
     <span class='ocr_line' id='line_1_26' title="bbox 207 2162 1618 2233; baseline -0.005 -10"><span class='ocrx_word' id='word_1_195' title='bbox 207 2178 333 2226; x_wconf 88' lang='lat' dir='ltr'><strong>mine</strong></span> <span class='ocrx_word' id='word_1_196' title='bbox 361 2170 551 2227; x_wconf 80' lang='lat' dir='ltr'><strong>addidi,</strong></span> <span class='ocrx_word' id='word_1_197' title='bbox 588 2183 680 2233; x_wconf 88' lang='lat' dir='ltr'><strong>quo</strong></span> <span class='ocrx_word' id='word_1_198' title='bbox 716 2163 934 2228; x_wconf 85' lang='lat' dir='ltr'><strong>discipuli</strong></span> <span class='ocrx_word' id='word_1_199' title='bbox 973 2171 1020 2209; x_wconf 92' lang='lat' dir='ltr'><strong>et</strong></span> <span class='ocrx_word' id='word_1_200' title='bbox 1053 2162 1248 2210; x_wconf 87' lang='lat' dir='ltr'><strong>Iliadem</strong></span> <span class='ocrx_word' id='word_1_201' title='bbox 1286 2173 1332 2211; x_wconf 88' lang='lat' dir='ltr'><strong>et</strong></span> <span class='ocrx_word' id='word_1_202' title='bbox 1361 2166 1618 2228; x_wconf 81' lang='lat' dir='ltr'><strong>Odysseam</strong></span> 
     </span>
     <span class='ocr_line' id='line_1_27' title="bbox 210 2242 1620 2312; baseline -0.005 -10"><span class='ocrx_word' id='word_1_203' title='bbox 210 2255 268 2304; x_wconf 81' lang='lat' dir='ltr'><strong>ab</strong></span> <span class='ocrx_word' id='word_1_204' title='bbox 300 2270 395 2300; x_wconf 91' lang='lat' dir='ltr'><strong>uno</strong></span> <span class='ocrx_word' id='word_1_205' title='bbox 423 2247 677 2312; x_wconf 82' lang='lat' dir='ltr'><strong>eodemque</strong></span> <span class='ocrx_word' id='word_1_206' title='bbox 707 2252 894 2290; x_wconf 85' lang='lat' dir='ltr'><strong>auctore</strong></span> <span class='ocrx_word' id='word_1_207' title='bbox 931 2242 1188 2307; x_wconf 83' lang='lat' dir='ltr'><strong>profectam</strong></span> <span class='ocrx_word' id='word_1_208' title='bbox 1226 2260 1322 2290; x_wconf 88' lang='lat' dir='ltr'><strong>esse</strong></span> <span class='ocrx_word' id='word_1_209' title='bbox 1357 2244 1537 2309; x_wconf 85' lang='lat' dir='ltr'><strong>plenius</strong></span> <span class='ocrx_word' id='word_1_210' title='bbox 1573 2257 1620 2295; x_wconf 87' lang='lat' dir='ltr'><strong>et</strong></span> 
     </span>
     <span class='ocr_line' id='line_1_28' title="bbox 212 2320 1621 2394; baseline -0.006 -13"><span class='ocrx_word' id='word_1_211' title='bbox 212 2331 359 2381; x_wconf 88' lang='lat' dir='ltr'><strong>oculis</strong></span> <span class='ocrx_word' id='word_1_212' title='bbox 388 2329 478 2394; x_wconf 79' lang='lat' dir='ltr'><strong>ipsi</strong></span> <span class='ocrx_word' id='word_1_213' title='bbox 509 2325 602 2374; x_wconf 87' lang='lat' dir='ltr'><strong>suis</strong></span> <span class='ocrx_word' id='word_1_214' title='bbox 634 2321 966 2390; x_wconf 84' lang='lat' dir='ltr'><strong>perspicerent.</strong></span> <span class='ocrx_word' id='word_1_215' title='bbox 1044 2320 1104 2367; x_wconf 90' lang='lat' dir='ltr'><strong>In</strong></span> <span class='ocrx_word' id='word_1_216' title='bbox 1139 2321 1197 2368; x_wconf 91' lang='lat' dir='ltr'><strong>iis</strong></span> <span class='ocrx_word' id='word_1_217' title='bbox 1229 2329 1384 2369; x_wconf 86' lang='lat' dir='ltr'><strong>autem</strong></span> <span class='ocrx_word' id='word_1_218' title='bbox 1413 2323 1523 2372; x_wconf 85' lang='lat' dir='ltr'><strong>locis</strong></span> <span class='ocrx_word' id='word_1_219' title='bbox 1553 2327 1621 2373; x_wconf 90' lang='lat' dir='ltr'><strong>ci-</strong></span> 
     </span>
    </p>
   </div>
   <div class='ocr_carea' id='block_1_3' title="bbox 1525 2412 1623 2450">
    <p class='ocr_par' dir='ltr' id='par_1_3' title="bbox 1525 2412 1623 2450">
     <span class='ocr_line' id='line_1_29' title="bbox 1525 2412 1623 2450; baseline 0.01 -1"><span class='ocrx_word' id='word_1_220' title='bbox 1525 2412 1623 2450; x_wconf 84' lang='lat' dir='ltr'><strong>tan-</strong></span> 
     </span>
    </p>
   </div>
   <div class='ocr_carea' id='block_1_4' title="bbox 222 2542 1621 2667">
    <p class='ocr_par' dir='ltr' id='par_1_4' title="bbox 222 2542 1621 2667">
     <span class='ocr_line' id='line_1_30' title="bbox 268 2542 1621 2603; baseline -0.004 -12"><span class='ocrx_word' id='word_1_221' title='bbox 268 2555 311 2603; x_wconf 82' lang='grc'><strong>1)</strong></span> <span class='ocrx_word' id='word_1_222' title='bbox 340 2554 452 2601; x_wconf 77' lang='lat' dir='ltr'><strong>Quae</strong></span> <span class='ocrx_word' id='word_1_223' title='bbox 480 2564 502 2589; x_wconf 81' lang='lat' dir='ltr'><strong>a</strong></span> <span class='ocrx_word' id='word_1_224' title='bbox 535 2547 703 2586; x_wconf 70' lang='lat' dir='ltr'><strong>Stoboi-0</strong></span> <span class='ocrx_word' id='word_1_225' title='bbox 730 2544 936 2597; x_wconf 70' lang='lat' dir='ltr'><strong>profectae</strong></span> <span class='ocrx_word' id='word_1_226' title='bbox 952 2544 993 2583; x_wconf 89' lang='lat' dir='ltr'><strong>in</strong></span> <span class='ocrx_word' id='word_1_227' title='bbox 1018 2543 1150 2594; x_wconf 84' lang='lat' dir='ltr'><strong>prima</strong></span> <span class='ocrx_word' id='word_1_228' title='bbox 1167 2542 1318 2583; x_wconf 78' lang='lat' dir='ltr'><strong>Feithii</strong></span> <span class='ocrx_word' id='word_1_229' title='bbox 1344 2546 1521 2589; x_wconf 81' lang='lat' dir='ltr'><strong>editione</strong></span> <span class='ocrx_word' id='word_1_230' title='bbox 1544 2562 1621 2587; x_wconf 85' lang='lat' dir='ltr'><strong>non</strong></span> 
     </span>
     <span class='ocr_line' id='line_1_31' title="bbox 222 2610 1234 2667; baseline -0.016 -1"><span class='ocrx_word' id='word_1_231' title='bbox 222 2625 489 2667; x_wconf 70' lang='lat' dir='ltr'><strong>inveniuntur.</strong></span> <span class='ocrx_word' id='word_1_232' title='bbox 544 2617 638 2659; x_wconf 78' lang='lat' dir='ltr'><strong>vid.</strong></span> <span class='ocrx_word' id='word_1_233' title='bbox 669 2614 825 2654; x_wconf 68' lang='lat' dir='ltr'><strong>Stobcr.</strong></span> <span class='ocrx_word' id='word_1_234' title='bbox 846 2612 896 2652; x_wconf 87' lang='lat' dir='ltr'><strong>ad</strong></span> <span class='ocrx_word' id='word_1_235' title='bbox 927 2625 957 2650; x_wconf 86' lang='lat' dir='ltr'><strong>s.</strong></span> <span class='ocrx_word' id='word_1_236' title='bbox 984 2610 1078 2650; x_wconf 87' lang='lat' dir='ltr'><strong>edit.</strong></span> <span class='ocrx_word' id='word_1_237' title='bbox 1106 2611 1234 2664; x_wconf 75' lang='lat' dir='ltr'><strong>praef.</strong></span> 
     </span>
    </p>
   </div>
  </div>
 </body>
</html>
