1780 3120
575 136 1151 230 Ho‘niERicA2
1479 157 1568 246 1‘3'7

164 315 386 365 culiarem
406 309 571 360 tribuit
596 311 850 370 Homerus,
884 325 997 377 quos
1030 311 1092 366 ita
1126 310 1425 375 γαλακτςφαῖγους
1451 329 1572 360 nun-

167 381 353 446 cupavit
375 389 414 428 ².
481 378 604 424 Oves
625 386 672 424 et
702 395 863 445 capras
886 393 986 424 suas
1015 376 1225 424 mulsisse
1260 378 1455 425 traditur
1483 378 1576 424 Po-

167 447 444 512 lyphemus,
484 444 590 510 qui,
626 444 890 509 lactis-‘ejus
930 452 1061 508 parte
1095 442 1319 508 seposita,
1351 443 1577 507 reliquam

169 513 258 560 sibi
297 513 486 568 sumsit,
530 510 627 574 Ξςρα
665 518 694 557 οἵ
724 514 944 573 πετιδέρπιον
983 516 1036 563 εἴη
1060 521 1081 543 2
1106 546 1118 566 ‚
1172 511 1390 572 cujusque
1422 508 1471 553 in
1503 518 1589 553 an-'

173 587 244 624 tro
277 578 475 623 maxima
515 576 600 622 suit
643 593 877 622 caseorum
922 575 1052 639 copia
1078 573 1113 622 5.
1191 574 1349 636 Llyssi
1392 576 1582 638 ejusque

174 644 306 690 sociis
343 659 524 689 caseum
560 659 667 689 cum
710 643 855 689 surina
885 648 932 686 et
973 639 1111 686 melle
1157 638 1367 685 exhibuit
1416 639 1582 698 Circe,

172 711 279 758 vino
310 707 530 754 admixto.

301 777 368 820 Ἐν
398 778 438 821 δέ
467 794 551 837 σφιν
579 782 684 838 τυμέν
705 794 745 821 τε
772 779 834 819 καῖ
863 776 1002 838 ἄλφιτα
1035 776 1098 818 καί
1121 776 1205 834 μέλι
1233 776 1376 835 χλωρὲν

312 842 416 906 Οἵνῳ
444 844 647 903 Πραμνείῳ
681 845 794 886 έκίγια
815 838 855 889 4.
1507 882 1509 884 .

172 903 353 952 Eadem
391 904 570 950 ratione
615 905 807 950 mixtam
844 905 1111 970 potionem,
1163 921 1253 968 qua
1287 903 1401 950 vires
1431 905 1590 951 refice-

175 979 309 1027 rent,
343 969 529 1017 Nestori
552 979 600 1021 et
618 970 861 1018 Machaoni
887 972 1100 1036 apposuit
1126 969 1415 1028 Ilecamcde,
1452 988 1590 1036 quam

174 1037 450 1095 mixturam,
478 1049 609 1084 κυκεῖω
626 1035 801 1083 dictam
819 1075 831 1098 ,
867 1038 932 1084 ita
956 1035 1179 1084 describit
1205 1036 1366 1084 Poeta.
1431 1037 1490 1084 In
1512 1053 1595 1100 po—

179 1101 281 1149 culo
300 1138 312 1161 ‚
349 1101 528 1167 inquit,

314 1203 375 1233 ·-.·
412 1202 424 1214 .
462 1203 475 1214 .
513 1204 524 1214 .
558 1201 575 1218 0
609 1191 672 1235 σφι
705 1175 845 1224 uim-ms
879 1175 995 1235 γυνὴ,
1029 1175 1146 1217 εἷκνῒα
1179 1172 1332 1233 θεῇσιν,

314 1238 420 1296 Οἴνῳ
450 1237 657 1299 Πραμνείῳ
675 1274 687 1295 ,
720 1242 781 1282 ἐπὶ
801 1238 837 1282 δ’
860 1243 991 1299 αἵγειεν
1020 1248 1086 1290 κνῆ
1121 1239 1227 1299 τυρὸν

313 1299 465 1353 Karion
497 1305 655 1364 χαλκείῃ
673 1340 684 1359 ‚
719 1307 777 1348 ἐπὶ
803 1300 840 1350 δ’
861 1303 1003 1366 ἄλφιτα
1039 1306 1153 1347 λευκοὶ
1182 1304 1318 1348 πάλυνε
1340 1300 1385 1348 5.'

249 1362 292 1428 §.
326 1363 373 1411 6.
453 1365 617 1424 Olera,
661 1376 887 1431 quantum
931 1383 987 1413 ex
1035 1367 1241 1412 Homero
1282 1373 1498 1424 constat,
1546 1365 1596 1413 in

187 1429 406 1478 conviviis
438 1445 534 1477 non
565 1431 908 1490 adhibuerunt,
942 1449 1140 1496 quorum
1173 1432 1463 1478 mentionem
1499 1448 1600 1478 non

188 1496 278 1541 nisi
306 1495 521 1542 unoloco
563 1496 843 1543 carminibus
885 1497 1111 1563 injunxit,
1149 1512 1294 1562 eoque
1332 1514 1428 1544 non
1465 1513 1605 1559 gene-

186 1562 324 1606 ratim
370 1560 490 1607 olera
531 1561 614 1607 sed
657 1562 933 1608 nominatim
977 1579 1113 1626 cepas
1154 1562 1406 1620 meminit,
1457 1572 1504 1609 et
1539 1562 1602 1608 ita

187 1625 403 1689 quidem,
438 1636 489 1672 ut
519 1643 595 1673 eas
631 1643 728 1673 non
769 1627 817 1673 in
848 1626 1058 1673 ciborum
1095 1643 1289 1673 numero
1338 1637 1510 1692 ponat,
1558 1637 1605 1674 at

188 1695 248 1737 de
276 1699 389 1753 potu
420 1690 574 1750 dicat,
609 1693 684 1739 cui
723 1691 780 1738 ad
808 1697 1034 1760 majorem
1075 1694 1163 1757 ipsi
1193 1693 1466 1739 suavitatem
1494 1711 1606 1740 con-

191 1755 440 1804 ciliandam
481 1756 841 1804 admisceantur.
908 1759 967 1805 In
1012 1758 1222 1804 Nestoris
1259 1759 1431 1806 scilicet
1457 1767 1605 1805 tento-

192 1823 262 1868 rio
301 1822 579 1880 Machaoni‚
628 1823 794 1887 quibus
845 1824 968 1870 vires
1008 1824 1226 1881 reficiat,
1286 1841 1395 1871 cum
1434 1823 1520 1871 alia
1553 1825 1606 1871 in

193 1903 354 1934 mensa
383 1889 594 1952 apposuit
619 1888 909 1946 Hecamede,
942 1897 1046 1934 tum

330 1987 782 2002 ..........
820 1961 975 2015 κρόμυον
1006 1956 1105 2016 ποτῷ
1130 1957 1218 2016 ἔψευ
1243 1954 1282 2001 6.

264 2017 302 2082 §.
340 2035 385 2083 7.
452 2017 552 2064 Nec
579 2019 722 2081 magis
758 2019 807 2064 in
840 2018 1034 2065 heroum
1070 2019 1290 2066 conviviis
1337 2019 1512 2067 fructus
1552 2019 1610 2067 ab

197 2083 404 2145 Homero
432 2093 764 2142 recensentur,
800 2101 915 2149 quos
949 2093 1103 2132 tamen
1132 2103 1230 2132 non
1260 2086 1501 2149 ignorabat
1533 2104 1610 2133 ae·

195 2158 266 2196 tas
300 2150 504 2198 heroica.
573 2149 766 2214 Ulysses
797 2152 923 2196 enim
967 2150 1125 2214 plures
1171 2152 1341 2213 ἔγχυκς,
1385 2158 1526 2214 μηλέας
1564 2160 1611 2198 et

199 2224 333 2270 συκέας
371 2233 397 2262 a
421 2223 553 2280 patre
582 2233 630 2261 sc
661 2217 893 2281 accepisse
919 2216 1060 2263 refert
1083 2227 1119 2265 7.
1190 2218 1245 2264 ln
1271 2217 1453 2266 Alcinoi
1479 2216 1615 2265 horto

1544 2283 1623 2330 ad-

202 2409 243 2445 L.
263 2408 289 2444 l.
334 2408 387 2444 De
411 2409 466 2444 his
485 2417 521 2444 et
543 2409 623 2444 aliis
650 2409 722 2454 ejus
752 2412 885 2455 generis
919 2411 1031 2446 verbis
1062 2424 1246 2458 eorumque
1276 2412 1408 2456 origine
1431 2420 1466 2446 et
1487 2411 1623 2456 signifi-

204 2465 338 2498 catione
362 2476 423 2498 sua
448 2465 569 2510 cuique
594 2473 631 2499 et
660 2477 679 2498 a
704 2468 827 2500 ceteris
859 2466 930 2501 sere
952 2467 1084 2501 diversa
1114 2476 1167 2501 est
1195 2469 1377 2502 sententia.
1514 2469 1551 2510 1)
1577 2467 1624 2506 Il.

206 2518 249 2552 L·
269 2517 294 2554 l.
334 2544 337 2547 -
395 2520 434 2564 2)
461 2520 542 2554 X'id.
566 2520 631 2556 Od.
653 2520 723 2564 IX,
749 2527 814 2566 249
837 2533 927 2566 seqq.
1000 2520 1037 2565 5)
1066 2522 1146 2557 Yid.
1172 2523 1235 2559 Od.
1263 2524 1302 2558 L.
1319 2523 1341 2555 l.
1366 2534 1415 2555 vs.
1435 2535 1500 2568 219
1518 2525 1621 2566 ,232-

207 2573 248 2615 4)
274 2572 338 2606 od.
360 2573 388 2606 X
404 2602 413 2617 ,
432 2575 499 2608 254
517 2586 587 2619 seq.
666 2575 704 2618 5)
731 2574 774 2610 11.
799 2575 868 2619 M,
893 2578 958 2622 657
979 2588 1074 2622 seqq.
1098 2577 1156 2614 cil.
1180 2590 1226 2613 vs.
1253 2580 1318 2623 617
1342 2589 1436 2622 seqq.
1515 2577 1553 2621 6)
1578 2578 1622 2615 11.

208 2625 250 2662 L.
275 2625 299 2660 l·
324 2639 372 2663 vs.
393 2630 470 2673 629.
517 2627 569 2662 De
592 2641 657 2673 quo
681 2640 841 2673 ceparum
869 2642 930 2664 usu
958 2630 1056 2675 plura
1079 2632 1214 2666 adferre
1241 2632 1397 2666 consulto
1421 2633 1624 2677 supersede-

206 2693 300 2717 mus:
323 2681 453 2726 incerta
478 2683 645 2718 animilia
667 2690 701 2717 et
715 2685 858 2720 minora.
905 2685 974 2727 Qui
995 2686 1077 2722 velit
1093 2688 1192 2721 adeat
1216 2686 1333 2721 Schol.
1363 2693 1398 2720 et
1416 2685 1562 2734 Inter-pr.
1585 2689 1629 2724 ad

205 2735 230 2771 l.
250 2734 275 2773 l.
395 2736 431 2782 7)
457 2737 536 2772 ud.
564 2739 627 2776 Od.
655 2737 784 2785 XXIV,
809 2741 876 2786 359
898 2751 992 2786 seqq.
1266 2786 1282 2820 Ι
1312 2788 1327 2797 '

1306 2800 1327 2821 ο
