1750 3116
475 134 710 171 OPERIS
767 135 1207 174 C‘ONSPECTUS.
1497 146 1589 176 xm.

237 244 460 280 tantationum
488 244 541 278 vis
568 244 652 286 fuit)
675 244 811 286 aliisque
838 245 990 280 remediis
1013 244 1144 286 corpori
1171 244 1296 279 affflcto
1324 247 1476 290 vigorem

242 301 377 334 reddere
402 307 578 334 noverant.
600 301 654 335 De
682 301 829 342 potionis
846 301 986 340 denique
1010 298 1176 340 mixtura,
1198 309 1295 341 quam
1312 302 1477 344 Aegyptia

236 353 438 396 Polydamna
459 355 617 391 Helenam
644 356 795 390 docuisse
815 355 948 389 dicitur.
993 376 1005 388 .
1136 378 1148 390 .
1276 379 1288 390 .
1376 366 1450 399 pag.
1481 366 1560 402 3393

269 411 304 457 ἓ.
324 421 360 445 2.
405 411 530 445 caesos
556 411 670 444 hostes
694 410 771 443 feris
799 410 999 451 canibusque
1027 410 1229 443 dilaniandos
1251 412 1478 447 concedebant

184 494 190 499 .
237 467 295 500 vel
319 474 410 500 certe
436 476 471 500 se
499 475 716 501 concessuros
739 475 812 500 esse
839 465 1085 499 minitabantur.
1140 466 1330 506 Aliquando
1352 467 1386 500 in
1407 467 1479 508 ipsa

233 520 333 554 etiam
355 528 557 553 mortuorum
576 522 735 555 cadavera
755 521 970 563 saeviebant,
995 530 1031 554 ut
1049 522 1208 563 exemplis
1229 522 1365 563 prolatis
1396 531 1477 555 con-

235 583 315 609 Stsst·
443 600 454 611 ο
583 597 596 610 ο
717 601 728 613 0
857 600 868 610 ο
999 601 1010 611 ο
1138 599 1150 611 ο
1279 600 1291 611 ι
1420 599 1432 611 ο
1478 586 1552 619 3⁴2-

265 633 298 679 5.
323 646 358 676 3.
403 635 495 677 Quae
512 635 595 669 mala
607 645 648 669 ne
660 644 792 668 suorum
813 633 1026 667 cadaveribus
1040 633 1230 673 evenirent,
1245 641 1473 674 summ0,quo

231 696 408 730 poterant,
432 691 542 723 studio
565 690 726 722 cavebant
747 689 842 722 amici
867 688 1073 729 superstites.
1123 688 1220 723 Unde
1246 694 1296 719 tot
1319 694 1474 729 tantaque

231 746 273 779 de
295 755 463 779 caesorum
492 746 651 778 cadavere
675 744 822 784 proclia,
854 752 896 777 ex
921 743 1107 783 quibus-de
1133 744 1321 784 Sarpedone
1348 750 1382 775 et
1408 744 1471 775 Pa-

231 801 337 834 troclo
375 807 502 832 tantum
537 790 675 831 dicitur.'
753 798 881 839 Quodsi
923 807 1004 832 vero
1038 799 1092 831 vel
1135 798 1183 831 sic
1218 799 1331 831 hostes
1376 808 1474 833 caeso

230 855 430 896 potirentur,
459 854 596 888 summis
623 852 723 886 etiam
757 853 870 894 pretiis
900 863 918 885 a
949 855 1078 887 victore
1100 863 1158 887 eos
1193 854 1354 890 redimere
1389 855 1473 888 nite.

226 912 372 951 bantur,
392 918 430 942 ut
452 910 620 955 redemtos
636 909 862 957 justo-funere
891 918 1059 953 ornarent.
1180 932 1191 943 .
1280 935 1292 946 .
1423 937 1434 948 .
1480 927 1555 958 343.

263 968 283 1014 §
316 979 351 1009 4.
398 964 563 1000 Certaturi
595 972 786 1004 praeterea,
821 974 861 997 ne
887 966 967 998 victi
997 967 1161 1006 sepultura
1195 967 1471 1013 destituerentur,

227 1025 269 1058 de
314 1024 528 1057 cadaveribus
565 1028 642 1061 post
683 1029 822 1061 pugnam
854 1020 922 1054 suis
967 1022 1279 1062 reddendisepacto
1307 1024 1473 1059 interdum

227 1081 412 1121 cavebant,
441 1079 627 1118 eodemque
651 1077 792 1109 consilio
814 1077 960 1109 inducias
979 1078 1108 1118 saepius
1134 1077 1174 1109 ab
1201 1077 1349 1112 hostibus
1369 1079 1472 1114 factas

227 1135 416 1169 esse‘testis
440 1142 491 1167 csr
516 1135 690 1167 Homerus.
855 1155 866 1166 .
993 1149 1019 1168 .-
1137 1156 1147 1167 ·
1279 1157 1290 1168 .
1423 1160 1433 1171 .
1478 1149 1552 1181 344.
1574 1161 1578 1163 a

143 1190 252 1231 Caput
271 1190 366 1223 XIV.
411 1190 464 1223 De
486 1193 604 1231 praeda
631 1191 763 1224 bellica.

257 1248 288 1293 g.
315 1258 346 1281 1.
391 1248 430 1280 In
456 1248 592 1281 victoris
618 1237 816 1288 potestatem
844 1248 966 1280 cedunt
993 1246 1076 1278 victi
1101 1256 1173 1279 curn
1203 1245 1269 1280 suls
1286 1256 1298 1279 r
1327 1250 1400 1283 hinc
1430 1261 1471 1286 ex

224 1304 350 1344 proelio
377 1304 494 1344 praeda
517 1304 626 1335 onusti
652 1304 719 1337 fere
740 1305 881 1336 redeunt
910 1303 1077 1342 victores',
1104 1303 1192 1342 quod
1219 1303 1297 1342 ipsis
1321 1307 1468 1346 gratissi-

223 1367 310 1390 mum
333 1365 402 1390 erat
425 1365 459 1390 et
479 1357 696 1390 honorificum
713 1383 723 1398 ‚
748 1369 783 1390 ut
805 1361 924 1399 quovis
947 1361 1013 1393 fere
1034 1369 1130 1393 versu
1151 1370 1168 1392 a
1192 1361 1292 1393 Poeta
1312 1362 1467 1395 traditura

226 1421 268 1445 ex
292 1421 356 1453 qua
377 1413 513 1452 praedae
542 1415 721 1453 cupiditate
746 1415 869 1455 fiebat,
902 1423 936 1445 ut
964 1414 1027 1447 etsi
1053 1415 1092 1448 de
1117 1415 1329 1450 cadaveribus
1358 1417 1391 1450 in
1416 1428 1469 1452 se·

223 1468 385 1508 pulturam
409 1467 584 1500 reddendis
605 1469 841 1510 convenisset,
864 1470 983 1502 victori
997 1471 1120 1504 victum
1145 1472 1243 1512 armis
1258 1474 1441 1515 ceterisque
1455 1499 1468 1516 ,

225 1531 308 1563 quae
343 1522 489 1560 habeat,
521 1522 661 1563 spoliare
685 1523 813 1557 liceret.
873 1525 1060 1564 spoliorum
1093 1535 1202 1561 autem
1228 1537 1374 1572 partem,
1409 1541 1471 1565 nec

223 1581 300 1610 sane
333 1575 498 1608 minimam
514 1599 524 1615 ,
548 1586 589 1610 ex
614 1585 696 1611 voto
722 1579 784 1612 diis
808 1578 1016 1613 dedicabant.
1134 1605 1145 1616 .
1275 1609 1286 1620 ,
1417 1611 1428 1622 ,
1474 1587 1554 1632 34σέ

253 1634 285 1680 §-
308 1642 342 1666 2.
389 1633 484 1675 Quos
501 1631 599 1665 vivos
633 1640 804 1674 ceperant,
837 1643 953 1667 servos
983 1636 1049 1670 fere
1080 1639 1143 1671 sibi
1169 1642 1363 1683 servabant,
1392 1643 1465 1677 aliis

224 1689 464 1728 divendebant,
486 1689 540 1720 vel
568 1689 822 1724 interficiebant.
880 1694 931 1725 Ex
954 1694 1116 1729 servitute
1142 1703 1272 1736 tamen,
1295 1697 1323 1729 si
1341 1697 1465 1731 victori

221 1745 424 1786 placuisset,
458 1744 603 1777 maximo
623 1754 641 1777 a
667 1747 816 1788 cognatis
840 1749 1053 1782 redemtionis
1076 1751 1182 1792 pretio
1209 1753 1320 1786 oblato
1343 1754 1460 1788 libera-

216 1801 346 1832 bantur.
420 1820 431 1835 .
563 1820 576 1829 ·
704 1824 714 1834 .
846 1827 857 1837 .
983 1828 994 1839 .
1123 1830 1134 1841 .
1265 1832 1276 1843 .
1408 1834 1419 1846 .
1466 1824 1543 1857 347.

251 1855 281 1900 ἓ,
305 1864 338 1894 3.
385 1855 465 1887 Post
486 1855 629 1897 singulas
651 1858 881 1898 expeditiones
895 1884 907 1900 ,
923 1862 1073 1901 praedam
1088 1887 1099 1904 ‚
1129 1873 1225 1904 quam
1246 1876 1417 1910 ceperant,
1431 1870 1460 1903 si

216 1919 304 1943 arma
326 1912 431 1944 caesis
459 1912 605 1944 detracta
631 1915 825 1953 exceperis,
846 1924 973 1949 omnem
1002 1919 1119 1960 singuli
1139 1923 1178 1954 ad
1205 1924 1322 1956 ducem
1348 1926 1460 1960 confe-

215 1966 331 1997 rebant
346 1989 358 2006 ,
375 1965 485 2006 quiex
509 1963 547 2000 ea¹
576 1968 639 2000 sibi
658 1978 818 2011 sumt-ret,
847 1983 930 2013 quae
954 1975 1096 2008 maxime
1122 1977 1343 2020 placuissent,
1367 1990 1460 2015 cete·

214 2030 282 2053 ram
298 2044 310 2061 ,
337 2021 510 2061 aequitatis
530 2023 656 2056 ratione
686 2025 795 2058 habita
811 2050 821 2066 ,
851 2028 1002 2060 omnibus
1018 2029 1200 2072 divideret,
1225 2033 1268 2065 ita
1294 2043 1402 2070 tamen
1425 2046 1462 2071 ut

216 2075 272 2116 qui
305 2076 424 2109 ceteris
458 2077 557 2110 rebus
585 2078 715 2112 fortiter
740 2081 842 2121 gestis
869 2083 1101 2118 excelluissent
1124 2088 1297 2129 praecipua
1326 2092 1458 2128 virtutis

215 2132 357 2172 praemia
386 2132 561 2167 auferrent.
703 2157 715 2168 .
844 2160 855 2175 .
984 2159 996 2172 .
1130 2163 1140 2174 .
1270 2166 1282 2177 .
1411 2171 1422 2182 .
1468 2152 1544 2193 348,

134 2189 243 2230 Caput
264 2188 342 2220 XV.
387 2189 440 2221 De
469 2188 668 2224 foederibus.

211 2266 214 2268 -
245 2245 277 2290 §-
303 2254 333 2277 1.
380 2244 472 2285 Quae
499 2244 636 2278 heroico
661 2258 746 2282 aevo
770 2248 864 2287 bellis
891 2250 1081 2290 plerumque
1108 2249 1222 2294 origo,
1243 2264 1326 2295 quae
1346 2259 1460 2293 eadem

216 2299 351 2341 gerendi
372 2300 457 2332 ratio
476 2300 600 2343 fuerit,
624 2303 736 2342 paucis
757 2303 918 2343 traditur,
941 2306 1025 2338 unde
1045 2306 1086 2338 de
1110 2315 1186 2341 vera
1205 2320 1286 2351 pace
1310 2321 1348 2344 ea
1373 2320 1457 2346 tem·

217 2363 344 2397 pestate
367 2357 503 2398 cogitari
530 2367 594 2389 non
623 2368 718 2398 posse
738 2368 904 2401 appareat.
980 2385 991 2394 .
1123 2385 1133 2396 .
1267 2387 1277 2398 .
1411 2389 1423 2401 .
1466 2377 1542 2411 350.

246 2411 275 2458 5.
301 2421 334 2444 2.
377 2411 429 2444 De
458 2411 645 2446 foederibus
666 2417 717 2449 vel
743 2426 817 2450 ante
837 2419 920 2452 bella
943 2420 996 2452 vel
1016 2420 1092 2453 dum
1116 2427 1308 2461 gererentur
1329 2431 1347 2454 a
1366 2423 1457 2464 lega·

216 2468 378 2508 tis‚quos
394 2477 621 2505 sacrosanctos
645 2482 773 2506 summo
787 2478 909 2508 honore
932 2476 1101 2517 colebant,
1125 2477 1287 2517 utrimque
1300 2477 1352 2518 agi
1368 2478 1458 2512 sole·

217 2524 300 2555 bat:
331 2523 410 2556 illud
440 2533 514 2557 ante
548 2526 667 2558 bellum
698 2526 873 2567 Troianum
900 2540 917 2562 a
953 2531 1118 2572 Graecis;
1149 2533 1213 2565 hoc
1240 2543 1257 2564 a
1286 2532 1400 2567 Paride
1424 2541 1459 2567 et

218 2581 369 2620 Menelao
383 2604 394 2620 ‚
416 2581 576 2622 singulare
604 2591 766 2616 certamen
792 2584 919 2620 inituris
933 2611 944 2627 ‚
967 2587 1087 2620 factum
1107 2597 1180 2620 esse
1206 2588 1356 2620 traditur.
1465 2600 1542 2632 350.

250 2636 282 2685 §-
305 2645 338 2675 3.
385 2636 669 2672 Contralitbantur
696 2640 827 2675 foedera
856 2643 896 2680 ab
930 2643 1010 2686 ipsis
1037 2644 1202 2687 utriusque
1232 2644 1344 2685 populi
1372 2644 1459 2688 regi·

1480 2702 1541 2736 bus
