1780 3120
606 132 1177 202 HOMERICA.
1527 146 1589 210 57

180 283 354 333 tamina
387 281 647 347 gravissima
673 292 709 329 ².
778 281 864 328 His
904 278 1154 328 accedebat
1180 281 1484 347 istorumjam
1506 285 1591 327 he·

182 358 320 398 ro‘um
343 348 508 395 animis
538 347 675 394 insita
699 348 853 412 opinio
870 384 881 403 ‚
919 364 1008 411 qua
1038 344 1362 391 defunctorum
1391 348 1564 392 animas
1581 381 1594 403 ,

184 415 277 466 nisi
301 430 468 477 corpus
494 414 724 475 sepultum
757 421 906 470 esset,
941 413 1061 456 Ἀΐδου
1100 410 1239 456 domo
1271 410 1507 474 prohiberi
1531 412 1597 457 in-

185 480 414 544 certisque
450 479 638 525 sedibus
685 478 885 541 divagari
915 476 1002 524 sibi
1043 484 1365 541 persuaserant
1388 487 1438 533 2,
1469 479 1603 538 quae

183 543 302 592 mala
327 561 387 590 ne
420 542 507 590 sibi
540 543 815 590 obvenirent
849 559 1029 588 summo
1049 580 1060 599 ,
1097 559 1188 606 quo
1215 549 1428 606 possent,
1465 557 1604 604 opere

185 607 427 657 cavebant.
493 609 565 655 De
595 608 789 674 quibus,
827 625 926 673 age,
965 607 1218 654 videamus.

252 674 291 737 ξ.
329 692 376 722 2.
443 673 560 720 Ossa
618 674 736 722 lecta
782 691 834 721 ac
890 673 1104 738 deposita
1124 710 1134 730 ,
1189 680 1242 717 ut
1279 669 1478 717 diximus
1497 707 1508 729 ‚
1556 672 1607 718 in

187 739 358 786 fossam
391 737 704 785 efferebantur
724 778 734 796 ‚
783 742 935 787 κάπετον
969 738 1029 785 ab
1080 737 1290 784 Homero
1330 746 1538 789 vocatam
1562 736 1602 784 5.

187 805 259 852 De
288 803 487 850 Hectore
520 806 644 850 enim
669 804 751 850 Ille
776 823 788 850 ε

384 866 490 931 Αἶψα
511 871 547 916 δ’
574 869 638 932 ἄρ’
669 876 703 924 ἐς
738 874 860 923 κοίλην
879 872 1033 915 κάπετον
1062 871 1174 916 θέσαν
1195 868 1234 918 4.

189 934 315 983 Tum
341 932 605 999 complures
633 933 810 999 lapides
838 951 892 981 ex
917 952 1043 984 more
1067 934 1559 998 supersternebantur:

387 1033 807 1047 ......
880 1037 890 1049 .
959 1031 974 1047 .
1044 1035 1055 1046 .
1090 1003 1223 1061 ὕπερθε

195 1117 201 1124 .
387 1068 584 1111 Πυκνοῖσιν
610 1069 740 1111 λάεσσι
767 1073 1037 1126 κατεστόρεσαν
1053 1070 1242 1125 μεγάλοισι
1264 1064 1302 1111 5.

191 1128 372 1190 Quibus
406 1138 528 1176 terra
553 1139 767 1193 congesta
811 1140 858 1179 et
883 1131 1178 1194 superinfusa
1214 1130 1477 1190 tumulum,
1518 1137 1610 1194 τύμ-

191 1196 327 1254 βονὸ,
379 1194 673 1253 educerent,
724 1196 849 1260 quod
891 1196 1097 1241 Homero
1143 1203 1213 1242 est
1253 1203 1371 1257 χυτὴν
1406 1203 1466 1244 έπὶ
1502 1212 1613 1260 γαῖαν

193 1271 327 1323 χεῦσαι
349 1273 369 1306 7
405 1258 481 1307 vel
507 1264 729 1322 τυμβεχσεῖυ
751 1261 788 1309 3.
855 1260 1041 1306 Maximi
1077 1259 1196 1306 illud
1224 1261 1433 1307 fecerunt
1451 1300 1463 1320 ,
1500 1265 1577 1327 qui
1599 1300 1614 1320 ‚

193 1326 284 1377 nisi
310 1335 432 1373 terra
451 1325 622 1388 injecta
640 1363 652 1382 ‚
687 1325 973 1392 sepulturam
1004 1327 1092 1371 rite
1119 1335 1352 1390 peractam
1380 1338 1621 1390 negarent.

195 1391 321 1438 hinc
364 1391 528 1438 Nestor
553 1390 818 1454 sepulturae
846 1399 1084 1455 expertem
1111 1399 1278 1438 notans
1295 1428 1307 1449 ,

316 1493 326 1502 .
412 1493 423 1504 .
456 1459 534 1502 οὐδὲ
567 1460 730 1512 ὄκνόντι,
768 1456 942 1518 inquit,
980 1461 1098 1516 χυτὴν
1121 1462 1178 1501 ἐπὶ
1201 1471 1312 1518 γαῖαν
1328 1457 1462 1520 ἔχευαν
1485 1468 1521 1503 9.

195 1521 268 1568 De
299 1519 462 1586 Tydeo
501 1520 667 1567 tumuli
709 1521 911 1579 honore,
947 1529 999 1566 ut
1033 1537 1116 1586 par
1149 1530 1275 1580 erat,
1315 1532 1477 1570 ornato
1510 1522 1617 1588 legi«

197 1603 301 1638 mus
319 1605 331 1633 ἶ

426 1685 442 1701 .
475 1684 487 1698 .
522 1653 562 1697 ’ἐν
592 1654 750 1714 Θήβῃσι
769 1659 868 1713 χυτὴ
894 1656 992 1698 κατὰ
1021 1662 1116 1714 γαΐα
1134 1655 1278 1716 κάλυψε
1307 1664 1367 1700 ²0.

198 1714 382 1769 Eodem
416 1716 511 1763 sere
542 1714 674 1772 loco,
711 1733 846 1782 quem
880 1733 1018 1780 rogus
1056 1727 1391 1781 occupaverat,
1424 1725 1522 1785 ἀμφὲ
1552 1739 1622 1767 πυ·

201 1790 269 1847 ρήν
299 1792 338 1818 ⁸²
358 1820 371 1843 ‚
406 1779 727 1829 exstruebatur
764 1785 932 1844 τύμβος,
966 1790 1021 1828 ut
1052 1781 1102 1830 in
1128 1781 1235 1835 his:

1529 1854 1626 1914 Top-

250 1975 287 2019 ι)
314 1975 362 2010 Ut
388 1974 430 2011 Il.
453 1973 571 2018 XVII,
603 1976 666 2010 156
699 1986 792 2020 seqq,
827 1973 1048 2022 pluribusque
1078 1975 1186 2022 locis,
1222 1988 1305 2022 quos
1340 1977 1400 2014 cit.
1433 1975 1503 2013 vid.
1535 1977 1626 2012 infra

202 2031 242 2066 L.
266 2029 328 2066 IV.
366 2042 396 2066 c.
420 2031 472 2065 15.
507 2032 537 2075 §-
562 2030 595 2064 5.
747 2030 785 2071 2)
812 2028 892 2063 vid.
922 2028 964 2066 ΙΙ.
990 2030 1122 2076 XXIII,
1158 2034 1202 2076 69
1229 2043 1323 2077 seqq.
1371 2030 1436 2067 Od.
1473 2031 1520 2065 XI
1537 2060 1546 2076 ‚
1573 2046 1626 2079 72.

205 2085 244 2128 5)
269 2083 383 2126 Quam
411 2095 529 2117 vocem
556 2081 672 2118 Schol.
702 2091 873 2128 exponunt
907 2086 1070 2130 τάφρον,
1105 2085 1255 2130 ὄρυγμα.
1367 2085 1406 2130 4)
1433 2084 1477 2121 Il.
1496 2085 1629 2126 XXIV,

205 2150 284 2186 7972
379 2136 418 2180 5)
443 2137 486 2171 11.
512 2138 552 2174 L.
571 2137 593 2172 l.
619 2149 666 2173 vs.
690 2140 754 2183 798
777 2150 847 2183 seq.
896 2137 1011 2183 Neque
1036 2147 1150 2173 tamen
1177 2138 1336 2174 omnibus
1354 2140 1518 2184 sepulcris
1537 2139 1630 2185 lapi-

207 2192 266 2227 des
291 2191 442 2228 adhibiti
464 2191 617 2226 suerunt:
643 2200 736 2226 terra
756 2193 879 2238 injecta
900 2192 999 2238 plura
1019 2201 1198 2239 constant,
1222 2192 1310 2226 unde
1335 2194 1487 2228 Homero
1507 2195 1633 2238 xsivew

207 2250 307 2291 σῆμα
343 2254 382 2280 ut
412 2246 455 2283 Il.
492 2246 625 2290 XXIV,
649 2248 727 2281 801.
838 2246 876 2290 6)
903 2247 1029 2288 Quales
1061 2247 1184 2281 iisdem
1215 2247 1410 2291 regionibus
1438 2249 1633 2283 etiamnunc
1690 2255 1694 2261 '

208 2301 301 2335 obvii
325 2309 415 2335 sunt.
463 2301 542 2336 vid.
564 2300 808 2345 Lechevalier,
833 2300 1089 2346 Beschreibung
1109 2301 1168 2336 der
1198 2301 1313 2336 Ebene
1338 2314 1400 2335 von
1423 2303 1546 2347 Troja,
1571 2317 1632 2339 aus

211 2355 289 2390 dem
311 2355 517 2400 Englischen
538 2355 709 2389 iibersetst
727 2354 795 2388 und
817 2356 881 2390 mit
895 2356 1034 2390 voi-rede
1051 2364 1115 2392 etc.
1139 2357 1196 2391 des
1219 2357 1333 2390 Herrn
1357 2355 1516 2391 Hoffrath
1536 2358 1635 2403 ney-

210 2421 252 2442 ne
276 2408 448 2453 begleitet.
474 2409 624 2455 Leipzig.
652 2423 748 2455 1792·
796 2409 847 2443 De
867 2411 1003 2445 vocibus
1030 2412 1192 2457 τύμβος,
1228 2414 1322 2455 χυτὴ
1356 2416 1444 2452 γαῖα
1481 2418 1514 2445 et
1539 2416 1637 2454 σῆμα

213 2461 259 2498 ef.
285 2462 335 2499 Cl.
353 2463 484 2500 Dalzel.
507 2463 583 2499 adn.
607 2464 648 2498 ad
674 2466 766 2508 Opus
792 2463 816 2499 l.
838 2477 870 2508 p.
895 2477 940 2501 m.
962 2467 1025 2499 133
1044 2477 1134 2510 seqq.
1266 2464 1302 2511 7)
1329 2464 1371 2500 Il.
1396 2464 1529 2509 XXIII,
1554 2468 1631 2502 256.

212 2516 251 2560 8)
275 2516 318 2554 11.
343 2518 435 2557 XXI,
461 2519 538 2553 524.
567 2518 613 2551 al.
686 2519 722 2563 9)
748 2517 813 2554 od.
836 2519 910 2558 111,
935 2522 1014 2556 258.
1086 2519 1144 2563 ιο)
1171 2518 1212 2554 11.
1230 2518 1326 2561 XIV,
1355 2521 1431 2554 114.
1503 2520 1561 2563 μ)
1590 2520 1637 2554 Ut

211 2569 355 2614 legimus
378 2571 422 2608 ΙΙ.
444 2571 535 2616 ul,
560 2574 624 2617 537
650 2571 692 2607 ad
725 2584 754 2618 q.
778 2572 802 2607 l.
832 2573 900 2610 vid.
937 2574 1048 2619 fleyn.
1083 2581 1119 2609 et.
1151 2580 1245 2610 auct.
1274 2572 1316 2607 ab
1346 2584 1384 2607 eo
1402 2573 1464 2611 cit.
1512 2573 1566 2611 Cf.
1590 2575 1635 2613 ll.

213 2622 346 2671 XXIV,
370 2628 435 2673 794
457 2638 553 2672 seqq.
