1750 3116
471 146 1136 216 PROOEMIUM
1444 186 1509 219 u

91 303 272 361 tandis,
303 316 364 348 ne
399 297 546 347 nimia
581 295 950 344 testimoniorum
981 295 1112 359 copia
1141 295 1335 344 modum
1364 316 1500 348 exce-

90 383 331 439 deremuS‚
362 395 456 426 neu
487 374 758 422 eorumdem
787 373 943 438 inopia
974 372 1108 419 dictis
1135 372 1276 422 fidem
1305 377 1507 425 auferre-

89 477 218 519 mus,
252 476 335 517 ea,
361 475 452 523 qua
480 471 562 519 par
592 462 708 511 erat,
744 451 977 515 diligentia
1003 467 1161 499 cavere
1193 453 1473 503 studuimus.

155 538 231 585 Ad
259 537 438 584 Graeca
472 532 665 581 Homeri
704 530 845 580 verba
869 541 886 565 1
923 530 1048 593 quod
1090 531 1281 580 attinet:
1329 531 1444 580 haec
1480 551 1507 582 a

91 614 288 663 Stobero
315 613 365 663 in
397 630 476 670 ea,
513 627 651 678 quam
688 609 892 667 curavit,
926 609 1099 656 Feithii
1135 608 1339 656 editione
1363 622 1409 669 2,
1444 611 1510 660 la—

88 695 201 741 tinis
237 692 422 740 reddita
460 699 585 737 sunt.
660 690 812 749 Quem
850 689 956 736 Viri
987 689 1125 738 Doct.
1158 705 1339 736 morem
1372 689 1507 737 nobis

86 770 451 837 haudquaquam
497 767 778 814 servandum
818 783 918 817 esse
961 766 1194 814 duximus.
1274 768 1338 815 Iis
1379 769 1510 816 enim

90 849 380 899 Graecarum
419 848 656 895 literarum
709 845 927 894 studiosis
976 846 1253 905 scribimus,
1305 847 1386 911 qui
1425 846 1511 894 ali-

89 945 257 992 quam,
290 945 380 975 nec
407 924 796 974 contemnendam
822 926 1023 972 Graecae
1051 924 1234 987 linguae
1264 925 1509 973 scientiam

85 1005 173 1052 sibi
202 1013 558 1070 compararunt,
593 1003 855 1070 quibusque
874 1043 886 1063 ,
915 1005 963 1051 in
993 1003 1095 1069 ipso
1119 1004 1329 1050 Homero
1359 1003 1514 1068 legen·

84 1083 147 1129 do
184 1083 453 1148 occupatiS,
505 1084 814 1148 interpretatu
852 1081 979 1129 haud
1012 1083 1073 1128 ita
1119 1081 1325 1129 difficilia
1369 1092 1508 1129 eruut

84 1161 255 1209 Poetae
294 1161 464 1210 verba:
502 1163 648 1209 immo
686 1178 740 1208 eo
779 1170 914 1208 erunt
944 1160 1170 1216 faciliora,
1207 1160 1332 1225 quod
1365 1161 1509 1207 Grae-

82 1239 147 1285 cis
181 1255 337 1287 earum
374 1255 560 1295 rerum,
607 1257 720 1305 quas
758 1241 970 1304 proximo
1002 1255 1186 1304 quoque
1219 1239 1317 1286 loco
1347 1239 1506 1285 latinis

81 1315 234 1365 verbis
258 1315 499 1380 explicitas
525 1315 766 1377 dedimus,
803 1316 874 1363 vel
906 1318 1167 1364 testimonia
1194 1318 1264 1364 vel
1294 1317 1509 1383 exempla

82 1396 398 1442 continentur.
463 1394 612 1452 Dein,
648 1396 752 1459 quis
784 1412 953 1460 quaeso
989 1403 1087 1454 est,
1124 1396 1203 1459 qui
1234 1413 1290 1442 ex
1324 1414 1509 1445 accura-

84 1473 262 1519 tissima
296 1472 437 1519 etiam
483 1473 695 1519 versione
728 1471 802 1519 vel
836 1482 1013 1519 veteres
1062 1475 1258 1521 omnino
1293 1485 1507 1522 auctores

81 1550 161 1599 vel
197 1552 470 1615 praesertim
519 1556 706 1614 poetam
739 1551 1002 1597 Homerum
1030 1554 1244 1615 cognosci
1276 1563 1323 1600 et
1353 1554 1506 1619 perci-

82 1629 135 1696 pi
158 1645 291 1694 posse
317 1628 437 1676 serio
469 1629 755 1676 contendat?
797 1629 1052 1676 Audiamus
1084 1630 1502 1696 locupletissimum

84 1706 294 1773 profecto
329 1706 468 1771 hujus
495 1708 563 1753 rei
593 1706 820 1773 judicem,
856 1708 915 1755 D.
952 1707 1404 1771 Wyttenbachium‚
1438 1711 1508 1759 vi-

79 1802 186 1831 rum
215 1802 449 1832 summum
466 1823 478 1844 ‚
514 1786 594 1851 qui
619 1787 668 1833 in
695 1786 909 1851 Epistola
931 1787 1106 1835 Critica
1138 1788 1197 1835 ad
1225 1788 1352 1836 Phil.
1384 1789 1507 1837 Guil.

78 1861 343 1909 Heusdium
359 1863 465 1909 Vir.
484 1863 557 1911 Cl.
584 1863 608 1898 5
639 1885 665 1908 »
685 1864 724 1911 si
748 1864 814 1912 nil
837 1865 928 1911 nisi
955 1865 1075 1912 facta
1104 1868 1368 1931 quaerimus
1385 1906 1398 1928 ,
1429 1870 1506 1917 in-

79 1961 109 1987 n
147 1941 278 2008 quit,
313 1949 366 1989 ut
390 1941 441 1989 in
466 1940 660 1990 historia
678 1976 694 2001 ,
726 1942 874 2008 possit
902 1960 1011 1990 sane
1039 1947 1243 2010 scriptor
1271 1947 1323 1993 in
1355 1946 1511 2010 vulga-

1361 2044 1387 2068 »
1410 2042 1510 2072 relll

134 2191 178 2242 1)
205 2191 252 2230 In
282 2192 434 2244 quibus
465 2207 515 2234 ex
556 2192 685 2234 Iliade
726 2194 1007 2237 descrihendis
1033 2197 1177 2250 Heynii
1196 2226 1207 2246 ‚
1245 2210 1294 2238 ex
1328 2199 1505 2253 Odyssea

81 2260 257 2300 Ernestii
284 2266 436 2305 textum
457 2263 584 2301 secuti
608 2275 757 2302 sumus.

139 2329 181 2378 2)
208 2329 363 2368 Graeca
385 2343 460 2370 nec
485 2331 536 2369 ab
560 2331 648 2382 ipso
672 2330 830 2371 Feithio
859 2345 977 2373 versa
1006 2333 1133 2373 fuisse
1156 2334 1345 2374 videntur
1362 2365 1372 2385 ,
1401 2349 1504 2388 quae

81 2394 249 2447 quidem
274 2396 317 2433 in
337 2398 473 2447 prima
500 2398 630 2449 Antiq.
652 2399 767 2437 Hom.
795 2399 970 2443 editione
994 2416 1054 2442 an.
1081 2402 1184 2443 1677
1213 2403 1298 2443 sine
1316 2405 1504 2444 versione

81 2463 190 2513 typis
214 2464 448 2504 excudenda
463 2466 622 2505 curavit
645 2465 879 2508 Brumanus.

135 2528 178 2580 3)
206 2530 320 2577 Quae
360 2537 488 2571 exstat
534 2535 576 2572 in
619 2534 678 2573 Cl.
717 2535 886 2576 Heusdii
927 2536 1041 2590 Spee.
1082 2537 1177 2577 Crit.
1208 2539 1250 2577 in
1295 2540 1503 2581 Platonem
1524 2518 1529 2528 ἱ

76 2606 170 2701 Itilag.
191 2609 353 2646 xxxvn,
382 2606 424 2641 et
449 2600 621 2656 repetita
648 2607 709 2641 est
734 2602 776 2641 in
809 2603 857 2643 D.
887 2605 1186 2658 Wyttenbaehii
1211 2607 1356 2660 Opusc.
1383 2610 1495 2650 Tom.

117 2691 126 2700 .
155 2676 194 2716 p.
223 2669 237 2702 1
269 2677 380 2720 seqq.
