1750 3116
483 149 706 187 OPERIS
752 143 1183 181 C'ONSPECTUS.
1420 159 1538 186 xxxix

243 261 278 306 §-
302 273 336 304 3.
380 263 434 295 De
455 260 564 301 malo,
588 257 774 301 μεσόδμῃ,
788 254 1001 301 προτόνοις,
1024 253 1130 294 velis,
1153 252 1257 293 πόσι,
1271 254 1436 303 ἒπικρίῳ,

200 318 376 363 ὑστέραις,
416 316 576 361 σπείροις
610 326 638 349 s.
683 315 804 352 κάλοις
822 341 832 360 ‚
877 313 1083 356 πείσμασι,
1125 308 1249 349 ὅπλοις
1283 315 1378 355 ’νηῶν
1411 327 1446 351 et

197 377 447 424 πρυμνησίοις.
534 397 547 408 .
678 396 690 407 .
822 394 834 406 .
965 393 974 403 .
1107 389 1118 400 ·
1251 389 1264 403 ι
1355 381 1427 412 pag.
1455 384 1530 414 312.

237 435 270 476 S.
294 446 328 476 4.
374 437 427 467 De
451 435 512 474 iis,
535 441 618 471 quae
641 439 815 471 antequam
835 429 917 462 mari
940 438 974 460 se
990 425 1255 464 committerent,
1271 425 1447 458 observata

197 500 270 525 esse
300 491 473 522 videantur
489 511 500 527 ‚
524 497 558 520 et
578 496 736 520 astrorum
763 489 794 518 in
824 485 1006 523 navigando
1033 484 1278 516 observatione.
1396 505 1408 518 ,
1450 494 1525 524 313,

238 544 271 585 §.
295 554 328 586 5.
376 543 461 575 Cum
487 543 654 583 feliciter,
682 552 748 583 quo
778 543 978 578 tendebant,
1003 537 1254 578 pervenissent,
1277 536 1361 568 velis
1388 546 1443 568 so·

195 599 274 632 lutis
289 607 324 632 et
341 597 510 637 collectis,
524 599 642 629 malurn
659 597 690 628 in
715 596 911 637 ἱστοδόκην
933 594 1174 626 demittebant:
1200 600 1315 623 navem
1339 593 1440 632 ipsam

194 654 377 700 ὥρμισαν,
403 653 509 691 εὐνὰς
531 652 726 697 ἐξέβαλον,
747 663 780 686 et
816 649 1052 695 πρυμνησίοις
1073 657 1188 680 navem
1223 645 1256 676 in
1279 646 1373 680 litore
1389 647 1443 679 fir.

194 718 340 748 mabant.
385 715 438 746 De
457 715 598 746 vocibus
627 711 734 756 ὅρμος
750 740 760 756 ‚
776 710 883 752 λιμήν
906 718 940 740 et
963 707 1103 747 λιμένες
1134 701 1293 745 εὔορμα.
1397 725 1408 737 .
1451 713 1525 744 314.

235 775 267 812 ς.
286 771 320 803 6.
378 769 446 802 Ubi
473 769 505 799 in
534 772 649 802 codem
685 773 758 802 loco
786 769 909 801 diutius
947 759 1180 797 coinmoraturi
1210 767 1325 799 crant,
1361 760 1440 790 sub·

193 826 302 858 ductis
313 824 452 856 navibus
476 817 619 867 ἕρματα
644 824 765 869 μακρὰ
782 823 1041 856 interemtam:
1064 827 1122 859 et,
1145 825 1212 857 quo
1237 816 1366 848 facilius
1385 825 1445 847 na-

193 890 252 914 ves
283 880 508 912 subducerent
540 889 579 913 ac
608 883 835 924 deducerent,
875 883 997 915 fossam
1036 874 1231 911 fodiebant,
1263 879 1328 911 qua
1360 879 1447 905 rates

195 935 378 968 traherent.
543 957 554 968 .
688 960 699 971 .
830 959 842 971 .
973 956 984 968 .
1113 950 1126 961 ·
1255 946 1268 959 ·
1398 951 1409 962 .
1455 938 1535 972 315.

237 991 270 1032 ς.
289 1001 326 1034 7.
370 991 558 1025 Stationem
592 995 738 1028 relicturi
765 997 819 1029 vul
851 997 952 1028 domo
981 987 1163 1033 profecturi
1185 979 1328 1030 ἕρματα
1350 986 1444 1019 tolle-

194 1048 299 1088 bant,
314 1048 348 1080 in
368 1057 457 1080 mare
478 1056 594 1080 navem
609 1050 837 1090 deducebant,
852 1059 960 1083 remos
985 1047 1124 1091 κληῖσιν
1145 1045 1390 1084 immittebant,
1412 1049 1448 1075 et

192 1111 297 1136 ratem
322 1104 425 1144 ipsam
460 1102 558 1142 ὑψοῦ
587 1103 624 1137 ἐν
644 1105 752 1148 νοτίῳ
786 1103 956 1150 ὥρμισαν.
1019 1107 1075 1138 Sin
1101 1108 1183 1136 vero
1214 1108 1332 1131 navem
1360 1098 1446 1130 haud

194 1157 439 1202 subduxerant,
453 1159 561 1199 εὐνάς
584 1163 760 1203 tollebant,
776 1164 968 1195 retinaculis
985 1162 1104 1194 solutis
1117 1185 1129 1202 ‚
1146 1155 1341 1201 πρυμνήσι’
1361 1153 1446 1188 ἔλυ-

196 1223 264 1246 σαν
285 1217 438 1258 maloque
465 1227 578 1252 erecto
599 1217 671 1250 vela
699 1217 886 1259 alligabant.
973 1239 984 1250 .
1115 1238 1126 1248 .
1257 1237 1269 1249 .
1400 1237 1412 1247 .
1457 1212 1532 1256 316.

115 1273 227 1314 Caput
247 1275 309 1306 XI.
354 1275 405 1307 De
429 1275 518 1308 urbis
541 1273 662 1313 Troiae
682 1273 746 1306 situ
772 1282 807 1307 et
826 1272 1057 1314 munimentis,
1082 1273 1286 1306 Graecorum
1312 1271 1449 1316 castris,

158 1331 329 1372 tentoriis,
351 1332 501 1364 excubiis
525 1339 624 1372 atque
647 1331 923 1371 exploratoribus.

235 1389 267 1424 S.
292 1397 322 1421 1.
368 1389 420 1420 De
450 1388 514 1429 iis,
548 1398 631 1429 quae
661 1388 844 1428 antiquitus
876 1386 1013 1426 primam
1052 1384 1148 1416 urbes
1174 1386 1347 1418 moenibus
1374 1393 1448 1416 mu-

198 1442 331 1475 miendo
348 1451 458 1473 ansam
474 1443 704 1483 praebuerunt.
751 1443 804 1474 De
826 1442 934 1480 vallo,
958 1443 1047 1482 quod
1071 1444 1196 1482 τεῖχος
1216 1441 1299 1474 dixit
1318 1441 1445 1472 Home·

197 1508 254 1533 rus
268 1523 280 1540 ‚
301 1497 436 1541 ἀγκῶσι
458 1499 688 1538 distincto,et
703 1498 847 1530 turribus
863 1520 874 1535 ‚
896 1495 1014 1537 quibus
1036 1496 1203 1534 ἐπάλξεις
1223 1499 1374 1536 inerant,
1396 1496 1448 1527 in·

198 1564 363 1597 tex-cepto.
409 1558 448 1590 In
479 1556 558 1589 urbe
584 1555 650 1595 ipsa
677 1555 842 1587 eminebat
865 1552 1062 1595 Pergamus,
1086 1558 1184 1595 inque
1206 1553 1325 1587 ceteris
1344 1550 1447 1591 portis

193 1612 340 1654 insignes
370 1622 464 1647 erant
491 1619 606 1654 portae
633 1612 778 1650 Scaeae,
804 1609 922 1650 quibus
946 1609 979 1641 in
1003 1621 1152 1652 campum
1174 1611 1328 1644 Troicum
1353 1617 1386 1641 et
1405 1607 1447 1640 ad

201 1667 405 1700 Graecorum
434 1675 539 1700 castra
555 1667 666 1700 exitus
683 1667 828 1706 patebat.
864 1665 916 1699 De
932 1665 1137 1712 πυλαωροτς
1149 1693 1159 1708 ,
1170 1674 1281 1700 monte
1295 1665 1372 1706 Ida,
1396 1664 1450 1696 Si·

199 1731 332 1758 moente
365 1731 400 1758 et
424 1724 624 1756 Scamandro
647 1732 674 1755 s.
699 1722 856 1762 Xantho,
882 1733 1020 1764 quorum
1037 1716 1118 1760 alter
1144 1736 1163 1759 a
1186 1726 1320 1763 dextra,
1349 1733 1366 1754 a
1394 1723 1443 1754 si-

196 1780 298 1812 nistra
322 1786 415 1821 parte
439 1780 523 1812 alter
551 1786 700 1817 campum
726 1775 904 1815 Trojanum
930 1790 1069 1822 secant,
1099 1784 1204 1815 undas
1229 1791 1331 1822 prope
1359 1790 1448 1815 mare

197 1835 340 1868 miscent
365 1843 400 1867 et
417 1832 583 1865 communi
613 1832 706 1867 alveo
726 1831 758 1862 in
782 1831 1031 1873 Hellespontum
1058 1833 1247 1871 excurrunt.
1291 1839 1341 1871 D„-
1369 1848 1446 1878 pro·

199 1888 370 1921 montorio
394 1888 564 1920 'Rhoeteo
604 1894 639 1918 et
671 1886 793 1926 Sigeo,
829 1885 951 1932 ἐρινεῷ
981 1892 1117 1933 aliisque
1150 1893 1232 1925 locis
1266 1893 1297 1925 in
1322 1893 1446 1927 Troico

200 1950 319 1982 campo
344 1941 480 1981 obviis;
505 1941 624 1981 quibus
642 1941 783 1982 denique
811 1945 851 1977 de
878 1945 1076 1981 Graecorum
1098 1957 1132 1982 et
1156 1947 1371 1988 Troianorum
1398 1950 1447 1982 rei

197 1995 351 2030 militaris
371 1995 509 2029 scientia
529 1998 686 2038 quaedam
716 2000 967 2044 subjunguntur.
1107 2025 1118 2036 .
1250 2025 1261 2037 .
1394 2027 1406 2038 .
1452 2005 1528 2047 316.

243 2047 275 2088 S.
298 2059 333 2083 2.
379 2050 578 2086 Graecarum
613 2055 744 2087 navium
783 2055 869 2090 inter
901 2060 1160 2098 promontorium
1191 2062 1379 2095 Rhoeteum
1413 2070 1448 2095 et

198 2109 333 2150 Sigeum
367 2109 545 2142 subductio
573 2112 766 2151 exponitur.
819 2113 883 2145 Eas
913 2123 1020 2146 autc-m
1054 2115 1279 2161 προκρόσσας
1301 2117 1447 2149 colloca·

199 2172 302 2204 runt,
326 2163 372 2195 ita
400 2169 438 2194 ut
461 2162 494 2194 in
520 2165 651 2205 spatio,
676 2167 806 2198 navium
833 2168 964 2201 ordines
986 2171 1181 2207 intermedio
1196 2198 1206 2213 ‚
1231 2174 1370 2206 tentoria
1393 2174 1449 2205 ad·

202 2228 345 2256 starent.
392 2219 483 2260 Quae
505 2218 707 2253 Graecorum
730 2230 835 2254 castra
861 2224 999 2264 primum
1030 2229 1119 2260 omni
1149 2232 1330 2263 munitione
1359 2239 1451 2263 care.

195 2275 302 2313 bant,
317 2273 443 2311 donec,
459 2273 610 2306 Nestoris
633 2276 779 2317 monitu,
798 2279 885 2312 vallo
906 2289 941 2314 et
961 2281 1048 2315 fossa
1069 2294 1175 2318 cincta
1196 2294 1295 2319 sunt:
1321 2285 1442 2317 vallum

198 2337 306 2363 autem
348 2329 601 2368 PPOPuEnaculis
642 2331 833 2366 muniebant
860 2342 896 2368 et
923 2336 1174 2379 intercipiebant
1209 2341 1370 2373 turribus:
1396 2340 1446 2373 bis

201 2388 356 2420 SUberant
390 2384 523 2427 στῆλαι
545 2384 777 2429 προβλῆτες,
813 2391 930 2431 quibus
957 2395 989 2426 in
1017 2405 1122 2430 turi-es
1148 2396 1326 2428 escendere
1349 2403 1444 2433 pote-

199 2451 292 2476 rant:
319 2443 440 2489 τάφρῳ
465 2445 645 2483 σκολόπιις
667 2449 863 2491 infixerant,
900 2452 1052 2494 κρημνοὶ
1076 2452 1111 2484 δ’
1136 2451 1333 2497 ἐπηρεφέες
1358 2452 1448 2496 περὶ

197 2500 318 2531 πᾶσαν
339 2500 496 2535 ἕστασαν
520 2505 796 2550 ἀμφοτέρωθεν.
970 2531 981 2541 .
1110 2533 1122 2544 ,
1253 2530 1265 2543 ,
1396 2533 1404 2542 ,
1453 2520 1528 2551 322·

242 2559 276 2599 ἓ.
299 2571 332 2601 3.
378 2562 430 2594 De
455 2566 628 2606 tentoriis,
651 2575 762 2598 eorum
785 2565 888 2597 forma
909 2572 943 2596 et
965 2566 1136 2606 partibus:
1162 2576 1229 2600 tum
1255 2569 1294 2601 de
1318 2576 1445 2612 περιω-

201 2615 256 2656 πῇ
275 2627 305 2650 s.
329 2620 472 2658 σκοπιῇ,
1395 2651 1404 2661 .
1451 2640 1527 2672 325.

239 2671 272 2713 §-
295 2682 328 2714 4.
374 2675 485 2708 Noctu
504 2675 659 2709 excubiae
673 2699 684 2716 ,
701 2682 736 2708 ut
761 2685 777 2708 a
799 2677 933 2711 Gracci:
946 2702 954 2715 ‚
983 2678 1025 2708 iza
1040 2686 1055 2707 a
1071 2677 1222 2718 Troianis
1237 2703 1249 2722 ,
1277 2683 1449 2726 diligenter

932 2729 1117 2766 *⁸⁸⁸*2
1471 2739 1529 2774 fie-
