1750 3116
161 162 272 187 xxvm
523 153 753 187 OPERIS
801 153 1232 188 CONSPECTUS.

276 261 308 306 ς.
331 269 364 293 2.
409 259 510 302 Quod
536 261 715 301 praedandi
745 261 888 295 studium
922 260 1087 295 continuis
1116 261 1185 294 fere
1217 269 1250 294 et
1282 261 1488 302 gravioribus

242 316 340 349 bellis
355 325 462 349 ansam
487 323 520 348 et
538 316 696 357 originem
720 316 883 356 praebuit.
1021 338 1033 350 .
1161 340 1173 352 .
1299 340 1309 349 .
1413 327 1487 359 pag.
1513 327 1569 359 93·

273 371 305 418 ς.
331 381 365 410 3.
420 369 573 410 Iniuriam
601 371 721 403 illatam
748 372 828 403 laesi
852 372 1113 406 ulciscebantur:
1141 374 1247 406 ablata
1277 374 1405 407 scilicet
1433 383 1488 406 re-

241 428 424 469 petebant,
447 437 531 467 quae
547 427 610 458 nisi
630 427 757 459 reddita
779 435 908 468 essent,
931 438 988 468 par
1005 428 1074 468 pari
1093 430 1250 461 continuo
1274 431 1472 463 referebant.
1515 440 1570 471 93.

275 483 305 528 §·
331 492 364 522 4.
409 483 586 522 Praedam,
610 491 706 521 quam
733 492 942 522 receperant,
965 482 1122 524 singulis,
1145 494 1282 525 quorum
1304 494 1357 518 res
1383 486 1486 517 abdu-

240 546 313 570 ctae
339 538 490 578 fuerant,
520 547 580 578 pro
606 547 679 570 rato
703 539 916 579 dividebant,
945 540 1060 571 durem
1090 547 1170 572 vero
1197 539 1370 580 praecipua
1397 546 1488 580 parte

241 596 462 626 honorabant.
587 614 598 626 .
731 616 742 627 .
871 615 882 626 .
1012 614 1024 626 .
1153 614 1164 626 .
1296 616 1306 627 .
1437 617 1449 628 .
1515 605 1570 637 94.

274 648 303 693 §-
328 658 360 689 5·
395 648 527 679 Praeter
547 652 631 683 bona
644 675 655 691 ,
679 659 850 691 parentes,
864 661 1003 691 uxores,
1026 651 1146 684 liberos
1162 650 1259 684 etiam
1279 650 1314 684 vi
1335 651 1489 691 abreptos

245 715 356 739 secum
379 704 604 745 abducebant,
628 707 746 746 quibus
773 707 877 739 servis
901 715 1082 740 uterentur.
1157 729 1168 740 .
1299 731 1311 742 .
1439 729 1452 741 .
1515 716 1572 749 95·

159 761 267 802 Caput
289 761 351 793 251.
397 759 447 790 De
473 763 694 802 emptionibus
715 772 750 796 et
771 765 1030 797 venditionibus.

275 819 305 864 g.
334 827 366 850 1.
412 817 461 848 De
493 818 647 859 populis,
676 819 732 859 qui
769 820 915 853 Homero
942 827 1026 852 teste
1054 825 1255 851 mercaturae
1285 818 1492 859 praecipuam

181 880 189 889 ·
242 882 374 914 operam
401 880 563 904 navarunt
589 874 620 905 in
645 874 764 914 quibus
793 882 868 906 sunt
893 874 1077 906 Phoenices
1105 873 1267 918 τρῶκται
1290 874 1353 915 (de
1384 883 1419 914 q.
1444 872 1490 905 cf.

242 930 320 961 add·
345 937 378 967 p.
395 929 495 970 302.)
518 929 658 969 Taphii,
681 930 872 970 Phaeaces,
895 932 967 963 aliiz
988 933 1066 965 item
1091 942 1128 965 ut
1151 934 1302 973 videtur,
1326 929 1487 970 Trojani:

238 985 282 1017 de
307 984 443 1016 Graecis
460 994 562 1024 pauca
587 986 687 1017 habet
706 986 884 1019 Homerus.
1019 1009 1031 1020 .
1162 1011 1173 1022 .
1305 1010 1316 1020 .
1445 1007 1458 1019 .
1518 992 1576 1026 95.

273 1042 306 1087 ἓ.
331 1051 363 1073 2.
412 1042 598 1072 Mercatura
619 1048 727 1072 autem
743 1043 898 1075 mercium
918 1044 985 1077 fere
1007 1045 1246 1087 permutatione
1268 1044 1475 1078 cernebatur.
1520 1049 1576 1082 97.

273 1098 303 1143 §-
329 1108 361 1137 3.
406 1099 456 1129 De
477 1096 618 1130 nummis
639 1106 673 1130 et
701 1099 846 1132 talentis,
1011 1122 1022 1133 .
1155 1118 1170 1135 .-
1299 1120 1311 1132 .
1442 1119 1454 1130 .
1518 1097 1575 1138 98.

160 1156 268 1196 Caput
291 1155 371 1186 XII.
413 1156 464 1187 De
488 1154 740 1186 Hereditatibus
766 1161 800 1186 et
821 1155 1076 1188 Donationibus.

278 1210 311 1256 ἓ.
336 1221 366 1243 ι.
411 1212 449 1243 In
469 1219 638 1250 parentum
659 1213 743 1243 bona
763 1210 858 1243 liberi
879 1213 1117 1244 succedebant:
1140 1210 1173 1243 in
1196 1210 1293 1243 malis
1313 1208 1423 1242 habita
1443 1216 1495 1243 est

248 1274 399 1298 natorum
425 1265 561 1298 orbitas.
732 1288 744 1300 .
873 1289 884 1300 .
1016 1288 1027 1299 .
1159 1287 1172 1299 .
1301 1286 1312 1298 -
1442 1286 1454 1298 .
1505 1272 1580 1303 ιοο.

280 1322 313 1367 ἓ.
337 1332 370 1355 2.
415 1324 555 1355 Paterna
581 1321 667 1353 bona
690 1321 722 1353 in
749 1321 900 1361 aequales
926 1328 1034 1359 partes
1057 1319 1187 1359 divisa,
1213 1329 1302 1352 sorte
1337 1321 1401 1362 (de
1429 1330 1494 1361 qua

246 1368 406 1413 sortiendi
427 1377 554 1409 ratione
585 1377 742 1416 quaedam
766 1375 965 1415 afferuntur)
995 1375 1082 1407 inter
1109 1376 1230 1408 liberos
1254 1376 1420 1417 legitimos
1445 1377 1498 1410 di·

246 1436 507 1469 stribuebantur=
531 1443 597 1474 quo
617 1433 688 1472 jure
718 1432 812 1465 nothi
830 1442 895 1464 non
918 1433 1116 1480 gaudebant.
1161 1433 1262 1481 Quod
1280 1435 1399 1474 eodem,
1422 1444 1496 1468 mo-

251 1491 295 1522 do
324 1490 356 1522 in
384 1489 455 1521 Diis
480 1489 588 1521 locum
617 1490 743 1521 habuit.
888 1511 899 1522 .
1027 1509 1041 1523 .
1167 1509 1179 1522 .
1311 1511 1322 1523 .
1451 1513 1462 1524 .
1508 1501 1581 1525 101.

281 1545 312 1590 g.
337 1554 369 1583 3.
416 1545 453 1575 In
483 1545 600 1576 ceteris
626 1546 722 1577 rebus
748 1545 881 1578 fratrem
907 1552 986 1584 natu
1014 1544 1168 1583 majorem
1192 1547 1318 1579 honore
1343 1554 1378 1580 et
1399 1556 1495 1579 reve·

248 1599 354 1633 rentia
374 1599 518 1631 minores
540 1601 848 1639 prosequebantur:
872 1602 905 1632 in
926 1600 1107 1632 hereditate
1128 1600 1213 1632 nulla
1238 1600 1393 1640 majorum
1413 1600 1499 1633 ratio

185 1669 190 1674 -
212 1682 215 1685 .
249 1656 431 1689 hai-ebatur
449 1665 512 1687 nec
535 1666 552 1687 a
580 1655 772 1687 mortalibus
800 1665 863 1687 nec
884 1665 901 1686 a
923 1655 1008 1688 Diis.
1053 1676 1064 1687 .
1165 1677 1176 1688 .
1309 1680 1320 1690 .
1451 1679 1462 1690 .
1509 1666 1582 1692 102-

285 1710 316 1755 ἓ.
339 1720 372 1750 4.
418 1711 486 1742 Ubi
511 1710 605 1742 liberi
627 1711 781 1748 deerant,
809 1711 973 1744 hereditas
996 1711 1036 1744 ad
1067 1719 1227 1752 cognatos
1253 1712 1446 1745 remotiores
1466 1720 1502 1744 et

254 1774 391 1806 agnatos
405 1790 417 1806 ,
438 1767 514 1808 vel,
536 1777 578 1800 ex
598 1767 734 1799 aliorum
759 1765 942 1806 sententia,
966 1768 1006 1799 ad
1032 1768 1238 1809 magistratus
1260 1770 1420 1809 quosdam
1443 1768 1502 1801 de·

255 1823 465 1855 volvebatur.
613 1845 623 1856 .
751 1841 762 1853 .
888 1842 901 1854 .
1028 1842 1040 1854 .
1169 1846 1182 1863 ,
1309 1846 1320 1858 .
1453 1845 1464 1855 .
1512 1832 1584 1862 ¹03.

286 1879 318 1924 §-
343 1889 376 1921 5.
421 1881 471 1912 De
494 1877 726 1911 donationibus
748 1875 864 1908 mortis
890 1884 1001 1907 causa.
1171 1899 1183 1911 .
1309 1900 1324 1914 .
1452 1899 1464 1911 .
1510 1886 1584 1919 103.

171 1939 279 1979 Caput
302 1937 401 1968 xm.
448 1936 498 1966 De
521 1933 669 1974 Nuptiis.

285 1992 316 2037 ἓ,
343 2001 374 2023 1.
406 1989 546 2029 Nuptias
567 1991 651 2022 inter
671 1999 707 2022 se
730 1988 921 2021 contrahere
951 1987 1222 2027 omnibus‚nul!a
1249 1989 1503 2030 propinquitatis

253 2056 293 2079 ac
315 2047 483 2087 dignitatis
511 2045 636 2078 ratione
664 2044 794 2083 habita,
819 2043 937 2075 licuit:
967 2044 1209 2077 matrimonium
1230 2056 1311 2080 vero
1333 2047 1419 2080 inter
1441 2057 1499 2088 pa-

252 2111 363 2134 rentes
383 2112 417 2134 et
436 2103 557 2134 liberos
579 2107 647 2132 erat
672 2100 827 2131 vetitum.
879 2120 891 2131 .
1022 2120 1033 2131 .
1163 2121 1175 2133 .
1307 2123 1319 2134 .
1451 2124 1462 2135 .
1509 2112 1582 2143 104.

285 2156 316 2201 ἓ,
341 2168 373 2190 a.
419 2158 456 2189 In
481 2157 520 2188 iis
551 2157 700 2190 ineundis
730 2155 883 2196 pubertas
912 2154 1072 2187 laudatur.
1166 2179 1176 2189 .
1309 2179 1320 2190 .
1449 2181 1461 2191 .
1509 2168 1582 2201 105.

284 2217 319 2262 ἓ.
353 2225 386 2254 3.
450 2212 659 2245 Matrimonia
702 2219 744 2242 ex
797 2216 965 2249 parentum
1013 2211 1184 2245 voluntate
1234 2215 1496 2255 contrahuntur,

254 2281 450 2318 quamquam
479 2278 513 2301 et
545 2266 806 2299 contrahentium
835 2273 1012 2295 consensus
1034 2266 1154 2305 requiri
1180 2267 1346 2303 videatur.
1450 2293 1461 2304 .
1510 2282 1583 2315 105.

287 2332 316 2376 ἓ,
339 2340 372 2369 4.
419 2327 514 2358 Haud
544 2333 605 2355 uua
629 2323 754 2355 ratione
775 2319 911 2359 juvenes
943 2319 973 2350 in
1007 2322 1246 2355 matrimonium
1272 2325 1332 2356 sibi
1355 2325 1500 2367 virgines

257 2384 428 2428 petebant.
481 2379 511 2409 A
539 2377 726 2417 parentibus
753 2386 808 2409 eas
836 2376 890 2407 vel
921 2371 1038 2413 ἕδνοις
1065 2378 1156 2417 quati
1181 2381 1352 2420 emebant,
1386 2384 1504 2422 quibus

259 2439 363 2481 δῶρα
385 2443 521 2475 sponsae
546 2434 714 2471 donanda,
738 2432 919 2464 addebant:
943 2436 997 2467 vel
1020 2434 1116 2466 filiam
1135 2433 1314 2465 ἀνάεδνον
1335 2444 1427 2475 pater
1445 2447 1503 2478 ge.

261 2507 344 2531 nero
358 2495 467 2527 futuro
488 2489 653 2528 tradebat,
674 2491 769 2530 eique
791 2487 918 2528 μείλια
940 2492 1094 2523 donabat.
1140 2493 1236 2524 Pater
1255 2501 1362 2523 autem
1383 2498 1503 2530 quanta

259 2554 355 2587 ven-v
400 2543 512 2579 ἕδνων
548 2554 639 2587 parte
675 2547 773 2579 filiam
810 2549 970 2583 emal-ar,
1005 2555 1100 2585 quam
1132 2547 1185 2586 qui
1226 2547 1375 2588 (xiguam
1408 2545 1508 2577 dabat

267 2608 376 2641 κακὸς
401 2605 579 2647 ἑρὸνωτής
601 2601 783 2634 dicebatur.
823 2603 907 2634 Hinc
923 2601 1132 2647 πολύδωρος
1151 2602 1282 2645 ἄλοχος
1304 2610 1337 2634 et
1357 2601 1507 2639 δικαίως

261 2667 438 2708 prm-9010.
605 2681 616 2692 ·
759 2680 771 2692 .
900 2683 911 2693 .
1044 2684 1057 2698 ,
1186 2685 1196 2695 ,
1320 2684 1331 2695 ,
1459 2685 1470 2696 ·
1517 2670 1591 2699 105.

1502 2717 1533 2756 S.
1558 2728 1592 2756 5·
