1780 3120
568 129 1149 198 HOM'ERICA.
1473 145 1563 212 ³69

147 289 300 331 terum
341 287 439 336 ζώνη
474 276 658 327 diversa
703 285 800 324 erat
839 294 864 323 a
895 274 1082 334 balteo,
1149 292 1281 333 uem,
1316 278 1431 324 mira
1464 285 1560 325 arte

156 344 419 396 confectum
470 353 518 390 et
557 342 846 408 Aphroditae
873 295 1465 407 ⁴propriuugffs·aliquando
1508 341 1567 388 ab

152 431 204 460 ea
221 414 379 460 Heren
407 419 661 457 mutuatam
693 425 790 455 esse
835 424 1096 474 monemur.
1162 407 1204 454 A
1227 407 1372 454 Poeta
1397 407 1570 455 dicitur

150 485 276 532 κεστός
320 486 408 539 ἱμάς
433 486 449 510 ²
475 513 485 533 ‚
523 493 661 542 quem
708 493 732 521 a
759 484 946 539 pectore
987 475 1189 521 solutum
1235 476 1336 534 (ἀπὸ
1372 480 1572 537 στήθεσφιν

147 544 336 606 ἐλύσατο)
381 547 505 604 κόλπῳ
544 546 858 604 ε’γκαταθέσθαιῖ
906 540 1064 586 Heren
1112 541 1247 604 jussit
1288 538 1571 603 Aphrodite,

149 608 198 655 id
226 618 323 665 est,
359 609 617 672 interprete
650 607 833 670 Heynio
858 605 912 659 5,
958 611 1197 668 περιθέσθαι,
1247 604 1491 650 admovere
1527 612 1572 650 et

149 691 385 738 apponere
422 675 535 720 vesti
573 672 691 718 iufra
723 688 946 718 mammas
979 681 1026 717 et
1061 681 1224 736 pectus
1259 670 1318 717 ad
1360 668 1577 731 colligen-

151 740 266 786 dum
312 739 452 785 vestis
492 738 646 784 sinum
682 746 729 783 et
761 737 951 800 gratiam
993 737 1178 801 corpori
1220 735 1574 783 conciliandam.

217 806 256 869 ξ.
289 804 336 853 6.
404 801 710 849 muliebribus
736 801 939 848 vestibus
973 802 1352 849 annumerandae
1388 817 1573 866 quoque

156 876 296 927 ὄθόναι,
333 868 382 915 id
404 877 498 927 est,
533 872 892 928 πέπλοιὲιὸυτῆριει,
930 877 981 914 ut
1001 870 1062 914 ait
1083 868 1359 915 scholiastes
1382 868 1427 924 4,
1464 884 1581 932 quae

149 936 356 983 Homero
388 943 507 980 teste
549 937 687 981 λεπταί
720 933 926 982 fuerunt.
1005 934 1106 980 Hac
1146 934 1311 981 induta
1366 931 1576 990 Helena,

149 1010 398 1066 parentum
429 1000 690 1065 priorisque
708 999 863 1046 mariti
889 997 1124 1045 desiderio
1149 1008 1300 1059 mota,
1336 997 1397 1045 ad
1417 1014 1575 1046 muros

152 1065 383 1134 procedit.

288 1134 436 1177 Αὐτίκα
465 1167 477 1178 .
514 1165 529 1178 .
566 1134 766 1194 ἀργεννῇσι
793 1132 1038 1193 καλυψαμένη
1074 1135 1236 1194 ὀθόνῃσιν

285 1195 447 1259 Ὡρμᾶτ’
476 1201 519 1242 ἐκ
543 1201 720 1257 θαλάμσῖο
740 1196 779 1243 5.

157 1263 285 1314 Οὕτως
318 1269 424 1326 γὰρ,
463 1270 517 1308 ut
560 1260 742 1308 addunt
782 1260 1094 1320 scholiastae,
1140 1259 1296 1327 σώφρονι
1332 1264 1480 1326 γυναικῖ
1516 1269 1580 1310 κᾶ-

156 1348 249 1388 σμος
271 1326 307 1373 6.
377 1328 556 1374 Eadem
595 1337 722 1373 veste
765 1328 970 1391 insignes
1021 1338 1153 1374 erant
1192 1326 1374 1394 puellae
1399 1366 1412 1389 ,
1458 1345 1581 1394 quae

155 1393 209 1440 in
240 1392 434 1440 Achillis
454 1391 622 1457 clypeo
651 1393 846 1440 chorum
880 1392 1137 1439 ducebant:

288 1463 375 1506 Τῶν
410 1493 424 1507 .
460 1494 471 1505 .
508 1467 545 1503 αἱ
577 1463 644 1519 μὲν
666 1463 803 1513 λεπτάς
829 1463 950 1512 ὀθέυας
981 1458 1070 1522 ἔχεν
1093 1470 1130 1505 7.
1171 1496 1174 1503 ,

223 1523 265 1587 ξ.
303 1540 350 1588 7.
417 1523 605 1570 Vilioris
646 1523 850 1588 denique
887 1524 1148 1570 vestimenti
1180 1525 1357 1590 species
1387 1524 1446 1573 ab
1485 1525 1584 1574 Ho-

156 1605 289 1636 mero
343 1598 628 1635 memoratur
660 1625 672 1647 ‚
733 1607 873 1654 quarn
918 1598 1041 1651 πήρην
1094 1600 1413 1654 nuncupatam
1466 1592 1581 1640 inde

155 1654 328 1701 ἀεικέαὸ
370 1662 415 1700 et
457 1659 686 1707 ἀεικελιήνξ)
716 1654 887 1702 dixisse
930 1654 1131 1705 videtur.
1211 1656 1454 1720 Ejusmodi
1498 1675 1584 1722 pe-

157 1736 257 1766 ram
291 1717 453 1766 habuit
482 1719 702 1783 Ulysses,
742 1737 848 1767 cum
871 1735 974 1765 suos
1001 1719 1154 1768 latens
1186 1723 1393 1769 mendici
1426 1733 1580 1785 partes

162 1795 349 1848 ageret,
399 1802 542 1851 quam
584 1783 777 1850 quidem
818 1793 998 1833 vestem
1039 1786 1176 1834 nobis
1221 1788 1369 1835 Poeta
1407 1788 1582 1836 descri-

1520 1853 1590 1902 bit

206 1982 246 2025 ι)
271 1981 351 2019 Vid.
375 1982 419 2020 11.
443 1981 545 2025 XIV,
570 1981 632 2016 214
659 1993 754 2028 seqq·
851 1983 889 2025 τι)
916 1983 997 2018 vid.
1027 1984 1070 2020 11.
1098 1985 1138 2021 L.
1159 1984 1186 2021 l.
1210 1998 1352 2033 vs,219.
1443 1985 1482 2030 3)
1499 1987 1586 2024 Var-

163 2035 274 2072 Lectt.
299 2045 334 2071 et
351 2037 490 2072 Observ.
516 2037 557 2070 ad
590 2036 632 2070 ΙΙ.
654 2037 672 2071 Ι.
696 2036 721 2072 l.
777 2035 829 2070 Cs-
865 2037 1028 2081 Ejusdem
1061 2052 1219 2075 excursus
1251 2042 1294 2075 ad
1316 2041 1340 2075 l.
1365 2039 1390 2074 l·
1425 2040 1464 2075 de
1490 2050 1587 2077 cestu

163 2089 331 2135 Veneris,
355 2105 421 2134 quo
453 2104 529 2125 eum
554 2102 572 2124 a
602 2090 802 2127 Winkelm.
827 2090 1086 2128 dissentientem
1116 2095 1257 2140 videas,
1287 2095 1346 2141 qui
1377 2098 1505 2130 maz-621
1529 2110 1589 2131 re-

160 2141 233 2179 fert
263 2146 306 2179 ad
330 2146 480 2180 balteum
515 2157 616 2190 supra
650 2146 793 2182 femora.
909 2147 948 2191 4)
973 2148 1087 2183 schol.
1118 2151 1158 2186 A.
1194 2150 1237 2184 ad
1268 2151 1311 2187 11.
1333 2151 1476 2197 XVIII,
1507 2153 1588 2198 595.

163 2199 218 2236 Cf,
242 2200 357 2235 Schol,
384 2200 426 2236 Β,
450 2200 487 2236 L,
506 2199 549 2233 V.
577 2199 618 2233 ad
642 2199 685 2233 It.
708 2199 785 2245 ΙΙΙ,
812 2200 890 2238 141.
938 2203 1059 2237 suidas
1085 2203 1119 2238 in
1142 2217 1172 2241 v.
1195 2207 1443 2250 interpretatur
1469 2207 1590 2240 λεπτὰ

163 2254 364 2295 ὑφάσματα
387 2256 450 2287 καὶ
478 2258 550 2288 πᾶν
575 2256 617 2286 τὸ
653 2256 778 2298 ἰσχνὸν
810 2256 875 2298 κᾷν
906 2261 955 2301 μὴ
978 2258 1100 2291 λινοῦν
1120 2249 1154 2302 ᾖ.
1202 2259 1254 2296 Cf,
1279 2261 1400 2295 Pollux
1434 2262 1473 2298 L,
1496 2261 1591 2307 VH,

165 2321 195 2344 c.
220 2311 275 2345 54.
343 2326 346 2327 ⁷
394 2309 432 2352 5)
457 2308 500 2342 ΙΙ.
524 2309 601 2354 111,
629 2311 703 2345 141.
751 2309 823 2344 Alii
844 2311 884 2345 de
900 2313 1102 2347 velamentis
1122 2327 1236 2348 vocem
1259 2316 1477 2361 interpretati
1494 2324 1588 2352 sunt.

165 2362 206 2397 In
235 2363 288 2398 his
316 2363 474 2398 Feithius
506 2364 571 2397 Ed.
607 2363 701 2398 Susb.
742 2377 773 2409 p.
806 2367 892 2410 526,
930 2367 1009 2412 qui,
1040 2368 1081 2402 de
1120 2370 1312 2414 κρήδεμνῳ
1349 2371 1489 2413 dicens,
1522 2369 1592 2404 tale

166 2418 271 2462 quid,
295 2419 427 2463 inquit,
452 2419 557 2452 etiam
586 2419 702 2462 ὀθόνη
723 2418 869 2453 linteum
895 2420 983 2464 suit,
1007 2434 1073 2467 quo
1095 2424 1206 2458 velata
1232 2420 1376 2461 Heleha.
1424 2425 1488 2459 Cui
1510 2424 1594 2470 qui-

166 2471 245 2504 dem
270 2472 551 2518 interpretationi
576 2486 661 2519 quae
686 2474 845 2516 leguntur
869 2474 910 2510 Il.
931 2475 1067 2521 XVIII,
1093 2480 1170 2523 595.
1197 2487 1231 2513 et
1255 2475 1384 2515 Sc'h'o'lf'
1403 2479 1593 2513 auctoritas

169 2534 368 2570 repugnant.
516 2529 554 2574 6)
584 2528 661 2563 vid.
698 2527 812 2564 schol.
837 2528 879 2566 B.
914 2531 953 2566 L.
975 2531 1017 2568 V.
1050 2532 1092 2565 ad
1116 2533 1157 2568 ΙΙ.
1179 2533 1256 2578 ΙΙΙ,
1283 2535 1359 2570 141.
1486 2534 1523 2579 7)
1550 2532 1595 2569 Il.

171 2579 310 2623 XVIII,
333 2583 397 2627 595
422 2593 521 2629 seqq.
631 2583 670 2628 8)
696 2582 777 2618 Vid·
802 2583 867 2621 Od.
886 2584 995 2628 XIII,
1018 2587 1099 2633 457.
1123 2586 1245 2633 XVII,
1271 2600 1345 2634 197·
1447 2587 1486 2634 9)
1513 2586 1596 2625 vid.

171 2633 237 2669 od.
262 2634 380 2682 XVII,
402 2638 485 2683 357.
515 2652 522 2658 ‚

1109 2685 1182 2722 L5
