1750 3116
470 129 516 182 Ρ
542 130 814 181 R‘2020‘E
846 131 896 180 M
930 130 1133 180 I‘Ussm.
1422 145 1502 180 xix

93 282 124 318 'n
157 263 403 330 legendnm
423 264 642 329 suaszipsi
667 265 906 329 opiniones
939 262 1162 321 afferunt3
1183 272 1271 308 nec
1301 261 1357 307 ab
1379 261 1529 308 omni-

96 369 125 400 »
162 342 472 412 praejudicata
496 344 722 391 sententia
745 344 906 408 integri
926 342 1141 408 'castique
1158 356 1216 387 ex
1239 339 1381 388 solius
1398 341 1529 387 scri·.-:

100 445 128 470 >›
166 423 311 488 ptoris
349 424 536 486 ejusque
582 422 726 485 gentis
767 431 816 469 et
852 421 1057 469 moribus
1097 418 1516 484 et-opinionibus,

105 523 134 549 >2
170 511 265 548 tam
292 499 427 546 bonis
455 498 544 545 illis
570 518 709 566 quam
741 500 972 566 perversis
990 539 1001 559 ,
1039 501 1193 564 ipsum
1223 496 1420 560 legendo
1445 498 1518 542 in-

108 601 136 626 »
174 573 377 642 telligere
416 586 656 626 conantum
727 573 792 624 Et
842 595 975 637 vero,
1021 578 1110 625 nisi
1149 593 1235 624 nos
1281 576 1331 621 in
1377 571 1521 639 ipsius

111 679 138 706 >³
176 655 413 721 scriptoris
452 659 643 721 ejusque·
677 656 850 703 civium
885 666 931 703 et
957 656 1218 723 aequalium
1254 653 1525 700 interiorem.

112 750 140 784 n
181 735 385 782 indolem
423 742 470 780 et
500 734 631 799 quasi
656 736 878 782 naturami
900 731 1527 800 penitus'insinuaverimus,

117 833 146 859 ³>
184 826 464 878 magnopere
482 811 760 873 verendum,
787 829 849 859 ne
873 815 971 878 ejus
987 812 1340 879 quibuscunque
1370 810 1430 857 de
1453 824 1533 856 re·

120 911 149 938 »
187 890 274 938 bus
307 890 550 956 opiniones
587 908 638 938 ac
682 893 960 951 sententias,
1011 899 1237 958 quotquot
1283 889 1473 956 quidem
1505 905 1534 936 a

122 990 150 1017 >2
188 979 344 1019 nastra
372 969 603 1034 cogitandi
627 969 1009 1035 existimandique
1028 970 1210 1017 ratione
1235 969 1534 1026 abhorreant,

122 1064 150 1095 5>
189 1059 484 1109 commenta,
524 1050 752 1114 ineptias,
788 1066 922 1113 saepe
955 1049 1095 1095 etiam
1127 1049 1248 1114 aegri
1280 1048 1442 1113 capitis
1466 1063 1539 1093 so-

122 1149 150 1175 »
188 1128 316 1174 mnia
343 1143 579 1175 vocemus.
651 1126 863 1184 Scilicet,
894 1126 1044 1191 quoad
1069 1144 1167 1173 non
1198 1135 1404 1174 accurate
1434 1143 1540 1190 per·-

123 1226 152 1253 ι)
191 1205 388 1270 cipimus
426 1205 602 1269 antiqui
634 1205 732 1250 aevi
767 1205 826 1251 ab
855 1204 944 1251 hoc
969 1214 1126 1252 nostro
1155 1205 1541 1270 discrepantiam,

127 1304 154 1329 >³
195 1285 384 1349 antiqua
427 1282 562 1330 nobis
612 1293 913 1330 monumenta
960 1283 1261 1330 tractantibus
1312 1282 1545 1349 quandam

130 1383 157 1407 u
195 1362 324 1428 quasi
354 1361 532 1407 nubem
564 1361 764 1427 objicere
790 1362 902 1408 haec
935 1362 1250 1428 discrepantia
1283 1363 1423 1421 solet,
1458 1376 1544 1426 per

133 1461 160 1487 n
200 1457 341 1505 quam
373 1439 677 1486 nobilissimos
710 1440 993 1504 antiquitatis
1018 1442 1170 1500 viros,
1207 1459 1303 1488 non
1326 1459 1432 1500 sua,
1461 1438 1547 1486 sed

135 1540 163 1565 ))
204 1518 428 1573 deformi,
463 1518 543 1565 sed
573 1517 765 1565 ridicula
801 1536 1136 1584 nonnunquam
1175 1521 1330 1585 specie
1365 1529 1552 1567 contue-

137 1616 165 1644 1>
203 1609 324 1643 mur.
391 1596 434 1641 E
462 1614 552 1662 qua
585 1613 745 1642 eorum
774 1598 929 1662 specie
961 1598 1020 1644 ad
1046 1598 1392 1662 cognoscendos
1424 1598 1550 1663 ipsos

138 1690 166 1722 >'›
205 1677 522 1740 conjecturam
554 1674 804 1732 ducentes,
829 1675 994 1740 quidni
1017 1691 1094 1722 eos
1123 1677 1437 1742 vituperemus
1453 1715 1463 1735 ,
1486 1676 1554 1725 ri·

140 1773 169 1799 n
206 1751 428 1810 deamus,
479 1752 789 1818 despiciamus
815 1751 896 1799 ΠΜ
959 1755 1086 1802 Haec
1124 1755 1182 1802 de
1227 1755 1438 1803 Platonis
1480 1754 1553 1801 sui

143 1830 297 1878 studio
319 1829 388 1876 Cl.
415 1830 672 1891 HeusdiuS,
708 1850 825 1898 quae
854 1832 1019 1881 eodem
1045 1838 1144 1900 jure
1168 1834 1227 1880 de
1253 1835 1458 1882 Homero
1478 1850 1554 1881 νει·

145 1906 248 1955 lent
275 1916 322 1953 et
351 1906 618 1971 dignissima
644 1918 749 1956 sunt
766 1948 779 1964 ,
817 1919 867 1956 ut
894 1912 944 1958 in
971 1914 1170 1979 antiquis
1197 1912 1341 1961 literis
1365 1911 1556 1976 diligen·

147 1994 220 2032 ter
249 2003 274 2031 a
301 1985 547 2048 juvenibus
580 1987 908 2037 observentur:
956 2012 983 2037 ))
1011 1993 1117 2040 Non
1139 1994 1264 2039 enim
1295 1991 1464 2039 sufficit
1493 1992 1559 2038 le-

148 2085 176 2110 »
214 2065 394 2111 ctitasse
433 2066 678 2133 (antiquos
713 2072 956 2135 auctores)
1002 2080 1048 2118 et
1084 2080 1327 2118 tractasse:
1373 2070 1563 2117 accedat

150 2164 179 2190 »
217 2152 431 2210 oportet,
467 2145 593 2210 quod
625 2146 748 2194 haud
784 2148 882 2195 scio
915 2167 976 2195 an
1012 2150 1222 2196 omnium
1253 2151 1312 2198 sit
1345 2149 1565 2197 difficilli-

153 2242 180 2268 >›
217 2240 381 2280 mum,
430 2223 632 2270 studium
677 2226 963 2291 antiquitatis
1006 2228 1222 2288 interius,
1264 2239 1317 2276 ut
1355 2230 1561 2276 insinues

153 2321 180 2347 >›
220 2310 264 2347 te
294 2319 480 2366 prorsus
511 2303 559 2348 in
585 2303 730 2367 ipsam
760 2306 936 2371 antiqui
964 2308 1062 2354 aevi
1086 2308 1345 2372 cogitandi,
1363 2308 1566 2355 sentien-

158 2397 186 2425 »
223 2378 300 2438 di,
335 2379 524 2427 dicendi
564 2382 818 2430 rationem:
848 2384 973 2450 quod
1003 2387 1082 2450 qui
1113 2404 1211 2434 non
1243 2388 1382 2446 facit,
1419 2386 1566 2451 expli-

1437 2487 1463 2511 »
1502 2481 1581 2512 ca-

223 2604 266 2672 t)
292 2605 384 2645 vid.
415 2607 464 2647 V.
487 2606 544 2645 Cl.
573 2606 781 2659 Specimcn
798 2608 990 2651 criticum
1021 2612 1061 2649 in
1083 2610 1286 2650 Platonem
1309 2625 1348 2661 p.
1369 2622 1435 2650 xiv
1465 2624 1546 2663 seq.

1269 2683 1360 2712 ³542
