1780 3120
585 158 1222 231 2ff0MER1cm'
1527 183 1591 249 Q

171 310 391 373 liffionem
428 326 521 361 una
555 310 663 374 cuni
699 313 907 379 corporis
952 312 1251 362 dissolutione
1290 313 1550 361 adfuturam
1575 330 1592 372 ,’

170 377 485 437 'tristissimum
527 379 702 427 malum
739 378 1014 427 habuerunt.
1083 379 1207 426 Hinc
1252 378 1589 442 Agamemnoni

167 450 308 510 τύμβες
340 445 538 493 eductus
565 443 735 492 dicitur
762 448 808 492 ἵν’
830 447 1017 506 ἄσβεστον
1052 450 1154 500 κλέος
1189 450 1244 497 εἴη
1271 455 1287 478 ²
1308 483 1319 504 ‚
1352 445 1599 491 Omnibusss‘

167 514 258 578 q'ue
290 520 352 560 'ea
390 511 515 559 m‘ors
555 511 842 568 miseranda,
889 529 1033 576 quam
1076 529 1101 557 a
1143 511 1302 568 sociiS‚
1353 512 1433 574 qui
1470 511 1589 573 justa

164 578 277 642 ipsis
310 576 661 644 persolverent,>
692 577 789 623 fato
819 577 978 642 iniquo
1009 576 1160 624 relicti
1193 574 1347 622 subire
1375 591 1598 639 cogeren-r

162 650 242 690 tur
263 654 299 689 2.
367 643 452 690 His
481 644 798 690 monumentis
827 644 1030 701 mortui,
1063 642 1182 689 ‘dum
1216 642 1266 688 in
1290 642 1407 688 vivis
1440 651 1590 700 esset,

163 707 359 773 insignia
418 708 758 773 infigebantur-‚
803 708 930 773 quod
976 708 1035 755 de
1080 706 1319 772 Elpenore
1344 745 1355 766 ,
1410 705 1591 770 Ulyssis

162 776 315 832 socio,
366 773 591 828 traditur,
635 777 767 837 cujus
814 776 980 838 optimi
1014 773 1334 838 gubernatoris
1377 771 1596 818 acerbam

160 847 362 885 mortem
384 824 520 903 'luget
556 836 746 906 Ulysses
766 877 778 898 ‚
813 843 1005 905 ejusque
1035 858 1060 886 a
1094 855 1142 886 se
1184 837 1342 885 habita
1373 837 1594 884 funeran-

164 900 216 950 di
249 919 358 951 cura
387 904 615 970 exposita,

287 973 445 1032 Τύμβσν
463 1008 476 1029 ,
509 971 687 1035 inquit,
715 975 915 1033 χεῦαντες,
951 976 1012 1017 καί
1036 972 1096 1016 ε’ττί
1120 973 1262 1023 στήλην
1291 970 1492 1034 ἐρύσαντες

289 1038 478 1098 Πήξαμεν
508 1040 703 1099 ἀκροτάτῳ
728 1040 864 1098 τύμβῳ
883 1040 1010 1098 εὐῆρες,
1038 1039 1191 1099 ἐρετμόν
1216 1034 1253 1080 5.

220 1098 262 1163 ξ.
299 1102 345 1162 4.
412 1103 555 1148 Extra
580 1101 718 1148 urbes
737 1101 904 1147 codem
932 1101 1061 1159 loco,
1096 1117 1187 1166 quo
1212 1098 1435 1148 cadavera
1461 1112 1589 1148 com-

155 1163 291 1212 busta
338 1175 473 1212 erant
503 1204 516 1225 ‚
581 1166 826 1232 sepulchra
880 1176 1111 1212 exstructa
1177 1166 1314 1212 fuisse
1373 1182 1428 1212 ex
1474 1166 1584 1213 Ilia-

154 1229 227 1276 dis
255 1229 376 1278 libro
407 1232 604 1297 septimo
642 1231 826 1279 efficere
863 1231 1003 1289 licet,
1039 1249 1131 1295 quo
1162 1231 1212 1277 in
1259 1248 1415 1295 pugna
1438 1234 1583 1279 caesis

152 1294 416 1362 Promiscue
453 1303 574 1360 justa
601 1316 624 1344 a
664 1299 878 1362 Troianis
905 1297 1137 1362 persoluta
1171 1297 1418 1359 dicuntur,
1453 1296 1578 1362 quod

153 1360 231 1408 vix
272 1369 350 1407 aut
385 1379 444 1408 ne
474 1364 550 1409 vix
581 1363 772 1428 quidem
817 1380 840 1408 a
875 1379 924 1408 se
960 1363 1158 1411 invicem
1198 1361 1412 1424 dignosci
1446 1373 1582 1428 potc-

150 1429 256 1473 ra'nt
294 1442 522 1492 corpora3
570 1431 766 1491 διαγνῶναι
809 1434 886 1491 γὰρ
917 1432 1091 1488 χαλεπῶς
1131 1427 1175 1481 ἦν
1206 1428 1326 1491 ἄνδρα
1362 1431 1516 1476 &namu
1539 1431 1577 1475 4.

151 1491 210 1538 In
237 1493 376 1538 maris
411 1493 554 1539 etiam
589 1493 721 1540 litore
764 1491 1014 1556 sepulchra
1051 1492 1247 1551 fiebant,
1286 1493 1336 1539 in
1363 1510 1455 1557 quo
1485 1495 1577 1541 sci-

147 1553 259 1603 licet
279 1557 565 1622 sepulturam
601 1559 727 1605 nacti
759 1567 869 1604 sunt
895 1557 1137 1606 Patroclus
1159 1558 1181 1592 5
1200 1595 1212 1618 ,
1248 1558 1455 1606 Achilles
1479 1560 1500 1594 6
1532 1570 1577 1606 et

149 1620 390 1689 Elpenor,
425 1640 590 1689 quem,
623 1623 776 1690 inquit
806 1622 1024 1688 Ulysses,

277 1691 434 1752 Φιτροὺς
469 1725 480 1734 .
613 1689 709 1752 αἶψα
736 1695 940 1749 ταμόντες,
974 1691 1028 1736 ‘59'
1050 1691 1236 1754 ἀκμτάτη
1265 1691 1394 1757 πρόεχ’
1412 1697 1509 1746 ἀκτὴ

227 1763 230 1765 ’
271 1757 484 1815 ’Θάπτομεν
509 1759 730 1816 ἄχνύμειοι,
768 1758 920 1817 θαλερὸν
940 1761 1038 1803 κατὰ
1065 1757 1186 1819 δάκρυ
1214 1765 1356 1819 χέσντες
1381 1767 1417 1806 7.

210 1815 250 1879 §.
286 1817 334 1865 5.
402 1822 623 1879 Quamvis
651 1837 676 1865 a
701 1821 908 1882 cognatis
925 1829 969 1867 et
992 1821 1298 1870 familiaribus
1322 1822 1505 1871 solenni
1525 1833 1572 1871 et

144 1883 272 1994 Esto
289 1882 430 1930 modo
446 1922 458 1942 ‚
482 1901 623 1950 quem
639 1883 842 1930 diximus
857 1922 868 1942 ,
897 1895 1000 1948 post
1024 1886 1114 1932 fata
1133 1889 1318 1952 sepeliri
1345 1889 1570 1936 heroibus

193 1950 403 1995 omericis
428 1950 475 1995 in
508 1950 626 1997 votis
651 1957 800 2006 esset,
836 1949 921 1996 alia
951 1959 1104 1997 tamen
1135 1962 1373 2017 praeterea
1391 1956 1568 2002 ratione

143 2009 473 2073 destructorum
505 2013 719 2061 'manibus
742 2014 974 2079 placidam
999 2018 1203 2082 quietem
1232 2029 1277 2064 et
1307 2019 1488 2066 facilem
1515 2027 1565 2076 εἴς

142 2078 154 2094 ’
193 2083 267 2124 ΐσυ
305 2077 582 2126 descensum
622 2080 774 2144 parari
810 2097 942 2145 posse
986 2083 1328 2132 existimabant,
1405 2085 1568 2133 Fiebat

141 2144 271 2204 enirn
297 2143 568 2211 aliquando,
605 2154 654 2192 ut
679 2146 729 2191 in
755 2144 1008 2211 longinqua
1049 2156 1171 2195 terra
1199 2150 1370 2197 mortui
1406 2162 1485 2198 aut
1517 2154 1566 2198 in

140 2216 267 2255 mare
295 2211 584 2276 praecipitati
611 2219 690 2257 aut
718 2214 878 2276 quovis
911 2214 997 2260 alio
1031 2231 1140 2260 casu
1164 2214 1322 2262 afflicti
1360 2215 1566 2279 legitimo

142 2275 191 2320 et
234 2278 356 2340 justo
389 2277 633 2341 sepulchro
667 2293 763 2322 non
800 2279 1078 2340 potirentur.
1149 2281 1235 2327 Cui
1269 2281 1482 2328 fortunae
1514 2293 1564 2330 ut

140 2351 467 2389 succurrerent
508 2341 838 2389 defunctorum
884 2346 1065 2407 cognati
1096 2354 1233 2411 atque
1263 2347 1426 2407 amici,
1465 2348 1566 2394 ina-

139 2410 224 2475 nes
241 2413 286 2451 et
306 2405 605 2455 cadaveribus
623 2424 789 2454 vacuos
817 2409 1022 2457 tumulos
1040 2411 1093 2458 iis
1119 2412 1411 2472 educebant,
1447 2431 1560 2478 quos

1498 2500 1564 2526 κε’·

137 2626 143 2630 ·
185 2614 223 2659 ι)
247 2614 312 2649 Od.
333 2615 408 2660 IV,
431 2616 511 2651 584.
537 2615 579 2649 ad
601 2629 634 2662 q·
658 2617 680 2653 l.
707 2617 751 2652 cf.
779 2618 928 2656 Nitzsch.
963 2627 999 2654 et
1017 2620 1081 2656 od.
1107 2621 1172 2665 XI,
1199 2623 1240 2668 75
1264 2632 1358 2665 seqq.
1427 2621 1465 2664 2)
1478 2621 1562 2660 Vid.

138 2669 202 2704 Od.
225 2669 277 2715 V,
302 2672 364 2705 305
385 2681 478 2714 seqq.
603 2671 640 2714 5)
667 2671 732 2708 od.
765 2673 845 2717 xil,
871 2676 913 2709 14
932 2686 1001 2720 seq.
1127 2676 1166 2721 4)
1191 2677 1234 2710 11.
1257 2675 1347 2719 vn,
1371 2676 1439 2710 424
1460 2688 1555 2723 seqq.

134 2726 173 2771 5)
202 2724 280 2762 vid.
296 2724 339 2760 ll.
354 2723 464 2759 xxm
477 2751 487 2768 ,
514 2726 588 2760 125.
659 2728 697 2773 ὁ)
727 2727 802 2764 Vid.
817 2728 879 2766 Od.
893 2729 999 2764 XMV
1017 2756 1026 2766 .
1051 2732 1105 2767 82.
1177 2731 1214 2776 7)
1238 2729 1302 2766 Od.
1318 2728 1380 2764 XII
1394 2757 1404 2775 ,
1432 2743 1466 2765 ιι
1483 2743 1552 2777 seq.
