1780 3120
619 134 1200 214 ΗΟΜΕΒΙΟΑ.
1507 152 1605 210 ιι5

186 298 291 346 data
327 298 387 345 de
425 294 682 361 Penelopes
721 295 875 360 procis
910 292 1114 341 diximus
1133 329 1147 351 ‚
1192 291 1275 358 qui
1315 308 1420 338 eam
1451 291 1602 346 διιωιίως

179 369 346 427 μνᾶσθαι
366 360 591 409 nolebant
614 371 650 409 ¹.
716 362 775 408 In
799 369 1043 426 paternam
1060 360 1200 423 igitur
1222 366 1499 422 potestatem
1527 372 1601 403 re-

179 429 310 478 dibat
343 428 508 486 vidua,
543 444 637 496 quo
671 428 837 485 fiebat,
870 436 924 473 ut
951 426 1010 473 ad
1048 423 1276 472 secundas
1307 421 1490 486 nuptias
1512 439 1601 486 pa-

178 503 365 542 rentum
402 502 448 540 et
492 494 941 558 consanguineorum
987 506 1239 539 consensus
1282 487 1599 555 requireretur

180 568 228 606 et
248 559 512 607 auctoritas.
579 558 855 624 Penelopen
882 567 1009 605 certe

311 648 330 677 ς
363 659 570 672 .....
605 633 731 688 πατήρ
757 646 798 672 τε
828 631 1045 688 κασίγνητοί
1071 642 1111 670 τε
1137 625 1302 670 κέλονται

313 692 536 755 Εὐρυμάχῳ
558 696 753 753 γήμασθαι
773 701 813 737 ².

348 1035 605 1086 CAPUT
652 1031 1018 1084 DECIMUM
1070 1034 1413 1083 SEXTUM.

650 1183 716 1215 DE
764 1178 1119 1216 ADULTERIO.

238 1343 278 1408 ξ.
319 1361 361 1394 ῐ.
427 1316 609 1392 Grave
627 1343 674 1390 in
700 1343 864 1407 primis
892 1351 938 1389 et
970 1340 1375 1390 animadversione
1400 1340 1598 1405 dignum

173 1411 354 1458 crimen
394 1419 598 1475 patrasse
630 1409 886 1473 antiquitus
925 1407 1312 1454 existimabantur
1333 1445 1345 1466 ‚
1381 1409 1462 1472 qui
1484 1409 1599 1456 alie-

171 1493 289 1522 num
336 1485 490 1522 torum
534 1474 800 1523 violassent.
869 1473 974 1532 Quo
1017 1474 1214 1520 erimine
1261 1490 1310 1518 se
1350 1472 1599 1523 obstrinxit

170 1541 449 1604 Aegisthus,
486 1542 567 1606 qui
612 1540 976 1603 Agamemnonis
1010 1538 1214 1585 absentis
1252 1555 1445 1585 uxorem
1485 1541 1596 1605 Cly-

168 1615 497 1653 taemnestram
516 1606 693 1652 nefario
720 1604 808 1651 sibi
832 1605 1111 1652 commercio
1130 1604 1286 1671 junxit
1301 1641 1313 1661 ‚
1350 1613 1397 1650 et
1418 1605 1592 1653 scelere

168 1671 320 1719 scelus
352 1671 594 1719 cumulans
620 1670 896 1718 redeuntem
927 1669 1047 1717 illius
1085 1671 1305 1716 maritum
1336 1670 1590 1719 crudeliter

167 1737 370 1787 necavit.
433 1737 678 1802 Aegisthus
706 1745 860 1783 tamen
885 1754 979 1783 una
1007 1753 1115 1782 cum
1147 1740 1342 1802 conjuge
1381 1736 1589 1786 adultera

168 1803 349 1850 Orestis
389 1803 626 1849 vindicem
677 1819 869 1848 manum
899 1800 1012 1848 dein
1058 1810 1275 1863 expertus
1320 1810 1409 1860 est,
1447 1821 1590 1868 quam

168 1868 252 1915 filii
282 1869 506 1932 pietatem
539 1869 591 1914 in
619 1868 825 1914 Deorum
851 1876 986 1912 coetu
1017 1866 1230 1913 laudibus
1257 1865 1424 1913 extulit
1444 1868 1588 1917 Athe-

168 1949 244 1980 ne.
312 1934 443 1979 Haec
467 1933 592 1978 enim
615 1931 675 1977 de
696 1931 943 1994 Aegistho:

297 1999 383 2046 Ka?
411 2003 492 2053 λίην
522 2005 633 2051 κεῖνός
668 2018 711 2060 γε
739 2004 864 2043 ἐοικότι
893 2010 1011 2044 κεῖται
1034 2000 1170 2059 ὀλέθρῳ
1193 1995 1230 2045 5.

168 2062 309 2123 Quod
335 2064 467 2110 triste
511 2064 656 2109 fatum
693 2063 934 2126 indignata
966 2063 1066 2110 Dea
1100 2063 1306 2112 minatur
1337 2064 1587 2130 omnibus,

170 2131 252 2194 qui
280 2128 406 2175 idem
438 2137 593 2175 essent
622 2130 790 2174 ausuri.

293 2197 373 2249 ’Ὼς
396 2199 563 2242 ἀπόλοιτο
588 2200 650 2240 καὶ
678 2196 785 2248 ἅλ).ες
805 2233 816 2252 ‚
847 2199 922 2248 ’ἐι-ις
949 2196 1099 2241 wasto?
1127 2214 1170 2256 γε
1200 2195 1295 2258 ῥέζοι
1316 2195 1355 2243 4.

233 2260 274 2326 ξ.
309 2279 354 2308 2.
419 2259 634 2308 Phoenix
681 2277 790 2306 cnm
833 2261 995 2306 matris
1034 2259 1236 2324 impulsu
1280 2262 1425 2326 patris
1459 2262 1588 2327 pelli-

171 2342 275 2374 cem
304 2335 557 2390 stuprasset
576 2363 588 2382 ,
624 2326 874 2389 Erinnyas‚
913 2345 937 2372 a
964 2333 1093 2390 patre
1125 2326 1341 2390 precibus
1366 2328 1416 2372 in
1444 2328 1588 2374 seele-

173 2393 238 2439 ris
255 2408 448 2458 poenam
467 2393 698 2438 invocatas
718 2430 729 2448 ‚
763 2392 954 2439 ultrices
977 2393 1120 2438 sensit
1150 2393 1449 2456 gravissimas,
1499 2395 1587 2440 Pa-

174 2457 260 2505 tris
286 2458 410 2505 enim
443 2462 586 2521 ἐπαρὰς
607 2462 680 2504 θεοῖ
706 2461 843 2505 ἐτέλεον

1500 2527 1598 2579 Ζεύς

222 2636 261 2683 1)
285 2637 366 2675 vid.
385 2639 422 2675 h.
443 2639 485 2674 L.
508 2651 536 2675 c.
557 2640 613 2675 15.
639 2639 730 2684 inpr.
755 2641 788 2685 §.
810 2639 845 2676 4.
963 2637 1002 2681 2)
1027 2638 1092 2675 Od.
1113 2637 1175 2673 XV
1191 2667 1200 2681 ,
1226 2641 1266 2675 16
1291 2650 1363 2685 seq.
1411 2638 1465 2684 Cf.
1490 2639 1590 2687 XIX,

176 2694 257 2729 258.
282 2701 317 2727 et
335 2692 429 2728 dicta
448 2693 486 2731 h.
506 2694 544 2731 L.
570 2706 600 2731 c.
616 2695 670 2730 13.
695 2696 727 2740 §-
747 2695 782 2730 5.
879 2692 918 2738 5)
942 2693 1007 2730 Od.
1031 2694 1048 2728 I
1067 2723 1077 2740 ,
1102 2696 1158 2728 46.
1184 2692 1241 2727 cll·
1266 2706 1314 2729 vs.
1340 2696 1393 2731 52.
1463 2694 1503 2741 4)
1528 2693 1596 2732 Od-

183 2748 225 2784 L.
247 2745 274 2785 l.
299 2758 347 2784 vu.
371 2748 429 2794 47.
1232 2791 1264 2826 H

1297 2805 1318 2828 2
