1729 3112
191 132 221 160 x
573 100 1235 153 PROOEMIUM.

186 261 215 288 »
253 238 356 285 lerti
403 244 469 285 tot
514 235 930 284 eruditissimorum
985 233 1189 283 virorum
1240 232 1456 299 gravitate
1497 250 1596 282 non

185 341 213 366 υ
253 325 450 373 tactam,
486 331 540 360 eo
569 323 727 360 tamen
763 314 907 377 magis
940 312 1269 371 necessariam,
1303 322 1474 379 quanto
1497 311 1597 358 Ho-

188 418 215 442 »
253 411 408 441 merus
440 401 486 438 et
518 392 615 438 aliis
646 401 714 438 est
751 391 1058 456 praestantior
1093 400 1140 437 et
1166 390 1384 438 omnibus
1423 389 1600 438 doctri-

184 494 212 521 »
251 490 336 520 nae
358 470 496 518 rebus
521 469 819 535 partibusque
843 468 1057 533 praebuit
1073 469 1257 516 exordia
1272 508 1284 528 ,
1307 478 1353 516 et
1370 478 1600 517 vetustam

185 571 213 598 2>
253 551 498 598 Graeciam
540 547 709 611 alioqui
759 564 947 612 prorsus
988 546 1237 595 obscuram
1289 556 1336 593 et
1384 548 1600 610 ignoran-

187 653 215 678 υ
256 630 365 676 dam
403 645 521 674 unus
551 626 733 691 aperuit
774 636 820 672 et
853 627 1084 673 enarravit
1122 620 1371 692 posteris.”
1438 628 1601 685 Quan-

188 716 291 755 tum
323 715 476 753 autem
514 704 703 751 luminis
739 713 845 769 post
885 704 1124 753 Feithium
1159 704 1353 752 Homeri
1384 704 1602 751 carmini-

186 785 275 834 bus
316 801 372 832 ex
403 783 540 832 variis
578 785 888 830 recentiorum
920 783 1105 847 scriptis
1143 784 1414 840 accesserit,
1450 782 1602 830 Iidem

187 864 321 923 Viri,
363 879 477 928 quos
515 860 765 909 laudabam
795 898 810 921 ‚
855 863 908 909 in
948 862 1218 908 memoriam
1262 861 1380 910 mihi
1425 878 1606 914 revoca-

187 952 321 1002 runt,
362 959 417 988 ex
452 959 649 1007 quorum
677 941 907 988 sententia
950 941 1087 987 Doct.
1113 941 1221 987 Viri
1252 940 1325 987 vel
1353 940 1511 988 critica
1537 941 1611 987 in·

188 1019 423 1069 stituenda
452 1018 526 1068 vel
556 1019 936 1085 interpretatione
966 1019 1303 1066 conscribenda
1333 1018 1390 1065 de
1428 1020 1603 1067 Poe'tae

190 1099 473 1149 carminibus
510 1097 661 1163 deque
691 1096 907 1144 omnibus
939 1095 1055 1144 adeo
1093 1097 1270 1161 optime
1302 1105 1607 1156 meruerunt,

189 1188 418 1244 quotquot
442 1178 726 1224 Graecarum
751 1173 989 1221 literarum
1014 1173 1165 1221 studia
1194 1174 1410 1239 diligunt.
1477 1177 1608 1236 Quae

189 1258 427 1307 Feithium
449 1267 493 1316 ¹,
523 1254 680 1303 seculo
709 1252 890 1300 decimo
921 1261 1053 1300 sexto
1091 1252 1347 1313 viventem,
1382 1253 1472 1301 nisi
1501 1265 1611 1300 orn-2

1511 1332 1586 1379 nia
1598 1368 1611 1392 ‚

251 1467 294 1520 1)
322 1467 446 1507 Natus
478 1471 614 1504 autem
649 1469 710 1504 est
734 1462 822 1503 Vir.
850 1461 966 1502 Doct.
994 1459 1167 1512 Elburgi
1199 1459 1440 1506 Gelrorum,
1487 1459 1613 1500 hone-

195 1544 255 1576 sta
279 1536 577 1586 samilia,quae
603 1544 779 1586 summos
804 1532 845 1570 in
870 1530 1004 1582 patria
1025 1529 1148 1580 gessit
1174 1527 1359 1566 honores.
1397 1529 1613 1580 Postquam

198 1605 356 1656 aliquot
387 1615 509 1641 annos
543 1599 827 1654 Philosophiae
844 1627 855 1645 ‚
882 1596 1123 1649 praesertim
1152 1608 1273 1646 quam
1301 1595 1614 1646 Peripateticam

196 1677 364 1718 vocant,
389 1668 675 1720 impendisset:
702 1665 858 1704 relictis
884 1664 998 1702 velut
1029 1662 1184 1713 asperis
1208 1661 1510 1715 inamoenisque
1535 1664 1616 1716 syl·-

201 1741 288 1786 vis,
321 1738 373 1778 ad
400 1736 670 1788 elegantiores
698 1733 852 1771 litteras
878 1732 1055 1769 animum
1081 1728 1303 1781 applicuit,
1344 1736 1453 1768 tanto
1482 1732 1617 1771 studio

198 1814 242 1846 et
271 1806 504 1857 diligentia,
528 1809 573 1840 ut
594 1801 713 1840 brevi
741 1801 783 1838 in
809 1799 951 1842 intima
979 1812 1059 1837 non
1084 1803 1239 1836 tantum
1267 1797 1447 1837 Graecae
1475 1798 1546 1837 sed
1576 1805 1618 1838 et

199 1875 415 1915 Hebraeae
456 1872 618 1923 linguae
651 1868 769 1919 adyta
807 1867 1042 1919 penetrarit.
1098 1864 1227 1915 Cujus
1262 1864 1556 1914 amplissimum
1581 1868 1620 1906 ei

203 1943 456 1997 perhibuere
488 1937 761 1978 testimonium
789 1935 845 1973 Cl.
873 1933 1107 1973 Bearnensis
1141 1931 1378 1970 Academiae
1416 1932 1621 1972 Professo-

204 2025 282 2052 res.
339 2011 431 2049 Post
453 2008 616 2058 longam
645 2003 1012 2055 peregrinationem
1034 2001 1075 2038 in
1096 1999 1267 2052 patriam
1297 1999 1425 2036 redux
1455 2000 1623 2040 offendit

203 2079 456 2119 foederatum
484 2073 671 2125 Belgium
702 2070 891 2109 terrificis
924 2069 1214 2119 Hispanorum,
1248 2066 1409 2119 Spinola
1432 2066 1624 2117 duetore,

207 2144 455 2187 exercitibus
479 2140 738 2192 perculsum:
768 2145 827 2185 et,
854 2137 935 2175 nisi
974 2136 1162 2188 egregia,
1196 2142 1461 2185 constansque
1502 2138 1623 2175 etiam

206 2217 251 2254 in
270 2211 449 2251 adversis
476 2214 702 2246 nostrorum
732 2206 864 2243 virtus
889 2204 1134 2248 obstitisset,
1168 2202 1211 2240 in
1234 2201 1507 2241 infelicissima
1534 2202 1625 2242 fue-

209 2293 346 2321 ramus
371 2277 454 2316 fata
486 2275 668 2327 projecti.
723 2275 768 2312 In
798 2274 875 2313 hoc
903 2285 1108 2312 armorum
1138 2271 1309 2321 strepitu
1345 2269 1526 2308 Feithius
1554 2285 1628 2322 pa·

214 2351 294 2388 tria
317 2345 512 2392 excessit,
541 2348 581 2381 et
606 2341 650 2379 in
685 2340 816 2380 Gallia
845 2341 972 2379 larem
1000 2341 1109 2386 fixit,
1140 2339 1412 2389 Graecumque
1445 2337 1627 2389 linguam

216 2423 278 2457 est
305 2413 509 2466 professus
526 2438 537 2454 ,
571 2407 705 2446 clarus
732 2408 910 2447 amicitia
937 2410 1049 2447 Doct.
1076 2406 1324 2452 casauboni,
1352 2406 1544 2451 Puteani,
1578 2407 1627 2445 il-

216 2484 434 2532 lustrisque
467 2476 641 2516 Thuani.
697 2475 891 2526 Rupellae
923 2476 981 2526 (la
1016 2472 1224 2523 Rochelle)
1265 2486 1362 2511 vcro
1384 2473 1426 2510 in
1451 2473 1630 2513 Santoni-

220 2552 318 2595 bus,
351 2546 502 2586 famulo
528 2544 740 2582 comitante
771 2543 1060 2590 obambulans,
1089 2541 1131 2579 in
1152 2541 1250 2578 civis
1278 2541 1490 2592 Rupellani
1510 2542 1630 2580 aedes

225 2622 411 2655 meatur:
461 2626 506 2652 ac
543 2612 799 2664 (magistratu
834 2611 1051 2662 diligenter
1091 2609 1188 2648 licet
1226 2609 1499 2661 inquirente),
1539 2621 1632 2645 nus-

1516 2689 1635 2726 quam
