1780 3120
197 135 301 187 κε
572 131 1252 200 ANTIQUITAS

340 272 489 326 Πάντες
510 271 583 333 ἅμ’
601 275 818 333 ὁρμηθέντες
850 275 919 318 ὑπὸ
936 272 1123 336 πληγῇσιν
1159 277 1344 334 ἱμάσθλης

328 334 463 400 Ὗψόσ’
487 343 710 402 ἀειρόμενοι,
745 336 867 400 ῥίμφα
901 347 1111 401 πρήσσουσι
1139 342 1330 385 κέλευθον·

313 404 391 457 “Ως
419 402 496 467 ἄρα
529 425 568 450 κ.
602 424 639 451 τ.
667 406 703 449 λ.
729 411 765 449 ¹.

275 467 316 531 ξ.
352 470 400 516 8.
468 469 563 528 Qui
595 484 736 532 equos
758 476 938 532 regeret
963 473 1000 515 ἐν
1024 469 1144 534 δίφρῳ
1171 467 1386 529 sedebat,
1419 478 1559 536 ἡνίοχος
1584 489 1627 522 S.-

209 537 428 597 ὑφηνίοχος,
463 535 637 582 scutica
678 550 760 580 eos
792 532 1059 597 impellenS.
1122 534 1195 579 Eo
1236 551 1429 584 munere
1468 538 1627 601 funge-

204 596 376 646 bantur
403 606 618 663 θεράποντες
640 610 690 659 ²,
725 597 934 664 adeoque
970 599 1060 647 viri
1080 599 1346 666 principes,
1382 612 1435 650 ut
1474 605 1627 668 Eury·

203 664 407 725 medon,
441 665 712 724 StheneIUS,
749 663 1074 722 Automedon,
1106 664 1311 724 Aeneas,
1346 668 1623 729 Cebriones,

201 731 382 790 Isus5‚
430 730 544 779 alii:
594 732 760 778 eodem
803 730 954 777 officio
983 746 1064 777 seu
1101 747 1296 779 munere
1323 734 1448 799 ipsos
1486 735 1626 781 etiam

203 796 328 844 Deos
369 798 606 863 Deasque,
646 807 699 843 ut
729 797 961 855 Hermen,
995 794 1242 856 Athenen,
1277 798 1436 846 Heren
1461 809 1508 846 et
1544 801 1630 847 Iri-

203 862 312 910 dem
348 864 530 910 functos
565 864 704 910 Poeta
737 871 893 908 narrat
914 861 954 908 4.
1021 864 1141 910 Cum
1183 870 1319 925 ἡνιόχῳ
1350 866 1402 911 in
1438 882 1628 913 currum

202 928 520 976 adscendebat
547 931 791 992 παραιβατης
814 964 827 985 ,
846 942 939 990 quo
971 927 1163 973 nomine
1188 927 1433 987 dicebatur
1459 930 1595 977 heros
1611 969 1624 988 ‚

204 995 287 1061 qui
309 1012 366 1041 ex
395 1011 535 1041 curru
560 993 700 1040 armis
730 1009 837 1038 curn
863 992 996 1038 hoste
1034 992 1361 1042 contendebat.
1431 996 1629 1042 Utrum-

200 1077 293 1127 que
328 1059 548 1124 iungebat
571 1058 773 1106 amicitia
803 1057 878 1104 vel
918 1057 1307 1119 consanguinitas.
1374 1060 1520 1108 Binos
1552 1079 1631 1108 au·

201 1135 298 1174 tem
322 1127 374 1173 in
403 1124 571 1172 eodem
612 1141 753 1171 curru
782 1123 923 1171 fuisse
949 1124 1053 1189 quis
1089 1122 1297 1171 dubitet:
1345 1143 1468 1174 unus
1497 1128 1627 1174 enim

203 1208 411 1258 pugnare
456 1200 503 1237 et
544 1188 685 1237 simul
727 1206 870 1255 equos
912 1205 1069 1253 regere
1106 1205 1205 1235 non
1241 1199 1450 1256 poterat:
1498 1193 1625 1258 quod

203 1256 503 1305 incommodo
538 1274 621 1304 suo
662 1264 769 1322 post
823 1254 1028 1302 Patrocli
1078 1271 1246 1302 necem
1295 1266 1511 1322 expertus
1555 1267 1628 1306 est:

201 1322 499 1373 Automedon
518 1361 530 1383 ,
565 1323 674 1388 qui,
709 1321 918 1387 quamvis
943 1321 1112 1368 acriter
1134 1321 1185 1366 in
1216 1321 1372 1369 hostes
1398 1324 1626 1385 irrueret,

484 1423 497 1436 .
529 1393 599 1451 οὐχ
627 1393 708 1452 ᾕρει
730 1400 877 1452 φῶτας,
910 1390 970 1434 ὅτε
1004 1392 1148 1433 σεύαιτο
1174 1390 1337 1435 διώκειν·

336 1459 401 1504 Οὐ
425 1464 501 1520 γάρ
529 1475 607 1509 πως
627 1454 672 1509 ἦν
689 1491 701 1513 ,
737 1450 804 1501 οἷον
823 1452 916 1500 ἔφαθ’
947 1455 1033 1516 ἱερῷ
1063 1458 1112 1499 ἐνὶ
1144 1456 1263 1518 δίφρῳ

309 1523 456 1587 ’Έγχει
485 1525 719 1585 ἐφορμᾶσθαι
753 1524 819 1566 καὶ
841 1520 1010 1582 ἐπίσχειν
1040 1525 1160 1573 ὠκέας
1189 1525 1319 1575 ἵππους
1341 1519 1380 1570 5.

207 1592 460 1655 Παραιβατου
505 1590 635 1653 jussu
666 1595 808 1646 ἡνίοχος
845 1601 1035 1632 currum
1068 1582 1298 1646 dirigebat
1330 1588 1381 1633 in
1416 1604 1524 1635 eum
1554 1588 1625 1636 lo-

205 1674 315 1706 cum
335 1694 347 1715 ,
380 1672 473 1722 quo
500 1655 636 1702 heros
655 1651 840 1698 hostem
861 1650 1000 1696 armis
1030 1651 1231 1714 experiri
1260 1651 1469 1701 ardebat.
1521 1656 1625 1714 Quo

201 1723 287 1771 ubi
315 1730 509 1770 ventum
549 1727 673 1774 erat,
721 1733 746 1764 e
780 1733 920 1763 curru
951 1716 1002 1762 in
1044 1723 1215 1760 terram
1248 1715 1346 1763 fere
1379 1717 1625 1766 desiliebat

200 1790 442 1852 παραιβάτης
460 1826 472 1847 ,
497 1794 560 1833 υἱ
586 1785 797 1830 cominus
824 1798 1028 1846 pugnam
1065 1779 1225 1827 iniret:
1263 1799 1355 1847 qua
1381 1794 1538 1832 mente
1564 1785 1623 1833 ad

199 1853 574 1906 Alcimedontem
606 1849 931 1897 Automedon:

332 1919 458 1968 Ἀλλὰ
490 1923 538 1966 σὺ
563 1922 631 1981 μὲν
654 1918 822 1979 μάστιγα
849 1919 912 1959 καὶ
943 1919 1030 1965 ἡνία
1061 1916 1277 1976 σιγαλόεντα

341 1987 492 2045 Δέξαι,
524 1988 596 2049 ἐγὼ
620 1981 658 2029 δ’
679 1988 803 2029 ἵππων
831 1983 1074 2040 ἀποβήσομαι
1091 2017 1104 2039 ,
1134 1979 1233 2044 ἔφρα
1265 1982 1452 2044 μάχωμαι
1474 1983 1511 2030 6.

198 2052 375 2104 Hector

489 2155 500 2166 .
534 2117 576 2170 ἐξ
609 2120 724 2176 ὀχέων
750 2116 819 2160 σὺν
847 2115 1017 2174 τεύχεσιν
1051 2106 1141 2157 ἆλτο
1161 2119 1341 2171 χαμᾶζε,

331 2185 495 2229 Ποίλλων
525 2181 562 2229 δ’
586 2183 673 2237 ὀξέα
705 2182 817 2242 δοῦρα
852 2185 950 2224 κατὰ
976 2180 1134 2239 στρατὸν
1158 2176 1276 2239 ᾤχετο
1298 2180 1417 2233 πάντη
1433 2215 1446 2237 ,

317 2247 513 2313 Ὀτρὺνων
538 2249 785 2312 μαχέσασθαι
805 2279 818 2304 ,
846 2242 968 2307 ’ἑγειρε
999 2245 1040 2290 δὲ
1065 2245 1214 2306 φύλοπιν
1242 2248 1346 2297 αἰνήν
1371 2254 1408 2291 7.

1539 2309 1621 2357 In·

246 2445 376 2492 1)Od.
409 2442 516 2490 XIII,
546 2444 589 2479 81
621 2453 715 2488 seqq.
889 2438 941 2484 2)
978 2438 1031 2476 cf.
1068 2439 1161 2475 dicta
1192 2438 1234 2476 L.
1256 2437 1306 2475 11.
1341 2450 1370 2476 c.
1393 2439 1427 2476 5.
1464 2441 1495 2487 ς.
1518 2451 1559 2485 1,
1581 2454 1616 2478 ει.

197 2503 239 2548 5)
262 2502 347 2538 vid.
379 2499 424 2538 11.
448 2498 527 2545 lv,
550 2499 615 2536 565
636 2509 730 2542 seqq.
763 2496 818 2542 V,
842 2495 909 2541 257
929 2507 997 2540 seq.
1034 2494 1148 2541 VIII,
1173 2496 1237 2531 116
1260 2505 1332 2539 seq.
1366 2493 1434 2531 XI.
1461 2507 1525 2530 102
1543 2507 1615 2541 seq.

197 2557 287 2602 xv,
312 2558 391 2593 552.
413 2554 462 2592 al.
598 2551 639 2597 4)
663 2551 744 2587 vid.
777 2551 822 2587 11.
842 2550 894 2594 V,
930 2551 1018 2594 555,
1053 2551 1143 2595 748,
1174 2551 1267 2596 768,
1300 2551 1379 2586 840.
1403 2549 1615 2596 vl11‚592.

196 2610 308 2646 XXIV
323 2639 335 2659 ,
356 2613 436 2647 441.
588 2607 628 2652 5)
652 2605 695 2642 11.
720 2605 840 2651 XVII,
863 2606 932 2640 463
958 2616 1052 2650 seqq.
1206 2603 1246 2649 6)
1272 2602 1314 2642 ll.
1338 2603 1380 2643 L.
1405 2604 1430 2641 l.
1467 2616 1516 2643 vs.
1536 2607 1616 2652 479·

196 2676 270 2712 seq.
424 2663 461 2711 7)
484 2662 529 2700 11.
553 2662 619 2709 XI,
642 2672 706 2699 211
731 2671 824 2706 seqq.
871 2658 924 2697 Cf.
948 2657 1029 2704 111,
1051 2670 1107 2704 29.
1130 2658 1177 2694 al.
