1780 3120
183 114 267 160 558
568 111 1212 160 ADDENDA.

303 233 502 278 versieht
520 232 569 274 in
586 231 670 275 der
691 231 838 276 Iliade
864 243 974 277 stets
1000 233 1075 278 die
1099 235 1198 278 Iris.
1238 235 1308 280 Ita
1334 237 1603 284 Cammanm

302 296 399 351 Op.
426 291 458 335 1.
485 306 532 350 p.
566 306 647 349 197
682 306 780 349 seq.
841 291 914 335 Cf.
956 291 1007 335 P.
1045 294 1095 335 F.
1140 294 1193 334 A.
1222 294 1409 337 Nitzsch
1448 297 1542 353 Op,
1566 298 1601 342 l.

303 363 415 392 tom.
450 350 599 405 usp.
642 351 725 391 130
755 361 888 407 ‘Squ
932 349 1000 390 Ex
1045 350 1308 393 Thicrsch‘ii
1352 354 1604 405 sententia,

300 409 388 450 Iris
414 407 603 449 deorum
630 405 816 462 quidem
848 408 1015 447 nuncia
1043 418 1111 448 est
1133 438 1146 459 ,
1176 407 1255 448 sed
1286 410 1346 449 ita
1367 420 1417 450 ut
1444 427 1605 453 munus

307 464 451 508 divini
477 462 627 506 nuntii
655 478 746 504 non
777 463 904 521 quasi
931 464 1063 505 unius
1091 466 1288 506 numinis
1323 466 1608 522 privilegium

305 523 491 565 valeret.
542 520 826 569 Mercurius,
861 522 976 575 iris,
1010 522 1215 563 Minerva
1236 534 1281 564 et
1301 523 1402 565 Eris
1423 555 1436 576 ‚
1471 536 1608 581 prout

299 596 372 636 res
412 575 632 638 postulat,
684 578 835 619 nuntii
877 594 1066 621 munere
1114 579 1439 635 fungebantur.
1498 582 1607 625 Vid.

303 639 440 680 Anct.
481 635 537 678 de
585 632 765 678 diversa
813 634 864 679 11.
913 648 958 678 et
990 637 1083 679 Od.
1121 649 1262 680 aetate
1293 637 1429 698 ,apud
1471 639 1607 682 Jahn.

299 695 460 738 Jahrb.
496 705 584 736 etc.
617 694 750 736 Tom.
782 694 860 736 III.
895 694 944 735 P.
974 709 1012 736 2.
1048 712 1090 751 p.
1120 698 1223 738 l'oo.v
1313 730 1316 734 .

189 753 241 796 P.
269 754 312 798 5,
369 764 463 795 not.
509 769 573 796 10.
650 752 716 793 De
758 750 1008 793 Poseidone
1063 751 1230 793 adeatis
1282 752 1376 794 Od.
1409 752 1482 806 V,
1529 768 1608 810 291

178 827 187 831 ⁴
304 827 468 870 seqq.‚
506 825 598 867 quo
640 807 743 850 loco
778 807 851 848 hic
887 808 1090 850 tridente
1128 820 1274 851 sumto
1321 812 1465 852 nubes
1511 811 1612 852 col„-

302 869 492 925 legisse‚
539 878 733 924 pontum
779 865 1013 913 turbasse,
1059 866 1284 920 procellas
1321 868 1606 920 concitasse,

305 938 350 970 et
380 941 488 966 vero
528 922 729 965 nubibus
772 930 941 962 terram
974 932 1019 963 et
1057 937 1178 962 mare
1221 923 1381 963 texisse
1410 924 1608 972 (licitur,

308 983 475 1040 quibus
534 980 754 1037 perderet
806 978 1033 1036 Ulyssem.
1109 980 1170 1020 De
1220 979 1312 1020 Od.
1366 979 1398 1023 l.
1443 979 1476 1021 l.
1519 982 1614 1023 vid.

306 1038 564 1090 Thiersch,
609 1037 666 1080 de
714 1035 808 1078 div.
859 1037 909 1078 11.
952 1047 996 1078 et
1039 1034 1131 1081 Od.
1176 1048 1320 1078 aetate
1362 1054 1436 1097 ap.
1478 1037 1616 1081 Jahn.

308 1099 470 1140 Jahrb.
516 1107 588 1138 etc
621 1097 753 1136 Tum.
784 1094 864 1136 III.
901 1094 950 1136 P.
980 1108 1020 1134 2.
1053 1110 1099 1150 p.
1134 1109 1211 1136 100
1245 1109 1341 1152 seq.

186 1157 236 1199 P.
267 1158 308 1201 6.
372 1158 436 1198 De
471 1153 608 1196 Hadis
643 1151 838 1208 imperio
871 1149 963 1194 vid.
996 1151 1047 1192 C.
1086 1151 1160 1194 W.
1202 1151 1459 1206 Halbkart‚
1496 1153 1614 1211 Psy-

303 1213 509 1267 chologia
537 1210 779 1252 Homerica
812 1223 847 1250 S.
884 1209 941 1250 de
974 1208 1214 1252 Homerica
1265 1209 1384 1251 circa
1421 1210 1616 1253 animam

303 1271 374 1313 vel
427 1269 686 1325 cognitione
736 1265 806 1310 vel
834 1266 1055 1324 opinione
1096 1267 1431 1309 commentatio.
1494 1267 1615 1310 Zul-

301 1328 523 1372 lichaviae
565 1343 639 1369 an.
669 1327 794 1381 1796.
836 1338 876 1366 c.
905 1324 950 1367 4.
992 1324 1140 1382 Heyu.
1184 1324 1376 1367 Excurs.
1399 1325 1527 1368 VIII.
1556 1323 1615 1366 ad

302 1387 423 1430 Aen.
462 1387 516 1429 L.
539 1383 621 1429 Vl.
683 1379 1012 1430 Groddekius,
1046 1382 1096 1423 in
1136 1380 1244 1425 diss.
1277 1382 1465 1436 Germ..
1498 1381 1617 1425 iiber

307 1443 389 1486 das
414 1441 534 1486 lokal
569 1440 652 1482 der
689 1438 945 1482 Unterwelt
970 1438 1093 1481 heim
1123 1439 1322 1493 Homer,
1356 1457 1471 1499 quae
1495 1438 1618 1496 Iegi-

305 1513 383 1544 tur
411 1501 460 1543 in
484 1510 643 1544 octava
675 1508 810 1555 parte
843 1495 927 1538 lib.
956 1495 1219 1541 Bibliothek
1245 1497 1328 1540 der
1360 1497 1448 1540 alte
1480 1498 1616 1540 Lite-

299 1569 432 1603 :ratur
477 1556 574 1598 und
616 1555 770 1596 Kunst
813 1570 860 1610 p.
894 1556 945 1597 15
978 1571 1112 1614 seqq.
1175 1556 1426 1598 Gammann
1455 1557 1548 1612 Op.
1583 1554 1618 1598 l.

304 1632 358 1675 p.
398 1617 478 1673 176
502 1629 636 1672 seqq.
696 1611 751 1653 In
777 1610 939 1652 inseris
970 1612 1058 1653 tria
1090 1623 1226 1655 sunt:
1272 1613 1455 1664 Orcus,
1487 1614 1614 1654 Tar-

303 1672 462 1727 tarus,
495 1684 678 1727 campus
702 1667 897 1726 Elysius.
959 1671 1110 1712 Orcus
1148 1678 1217 1711 est
1257 1668 1477 1728 spelunca
1515 1669 1612 1712 im·-

305 1745 491 1776 mensa,
521 1727 740 1769 interiore
767 1737 892 1768 terra
927 1725 1126 1776 inclusa,
1156 1728 1306 1768 aeneis
1338 1727 1483 1782 portis
1510 1742 1618 1769 mu·-

308 1787 423 1831 nita.
482 1784 647 1844 Itaque
688 1794 816 1826 recte
857 1798 902 1825 se
945 1782 1085 1825 habet
1119 1781 1289 1842 OdysS.
1338 1783 1443 1826 Lib.
1468 1784 1552 1827 XI.
1594 1798 1621 1826 e

308 1845 565 1903 longinquo
610 1841 731 1885 eni-m
760 1857 813 1883 ea
852 1841 1091 1897 conspexit
1121 1841 1332 1899 Ulysses‚
1378 1857 1466 1898 per
1499 1857 1618 1899 por-

312 1915 378 1946 tas
402 1901 501 1944 scil.
533 1900 790 1943 inferorum
825 1909 1021 1956 apertas.
1082 1898 1190 1942 Vid.
1239 1898 1458 1941 Halbkart
1500 1914 1540 1941 c.
1572 1898 1618 1943 4.

314 1965 358 2018 §.
383 1976 424 2016 7.
484 1961 539 2002 In
564 1958 690 2000 Orco
714 1967 898 2014 pratum
925 1967 994 1998 est
1028 1955 1269 2015 asphodilo
1296 1956 1454 2014 planta
1488 1956 1620 1998 obsi-

315 2031 427 2060 tum.
478 2015 553 2059 Od
596 2016 694 2066 XI,
726 2017 811 2070 537
850 2030 946 2072 seq.
993 2011 1065 2054 cll.
1099 2013 1282 2065 XXIV,
1318 2016 1387 2057 13·
1446 2012 1623 2055 Fabula

315 2076 375 2118 de
408 2075 553 2117 tribus
576 2071 809 2126 judicibus
844 2073 958 2113 citra
997 2071 1184 2113 Homeri
1212 2082 1400 2114 aetatem
1431 2086 1621 2130 ponen-

315 2133 373 2186 da
404 2143 484 2175 est.
542 2129 652 2175 Vid.
690 2129 836 2187 Heyn.
880 2128 993 2171 Exc.
1039 2127 1123 2171 XI.
1169 2127 1227 2170 ad
1274 2129 1392 2171 Aen.
1446 2130 1500 2171 L.
1537 2128 1623 2172 XI.

315 2191 541 2234 Homerus
562 2186 732 2229 nullam
762 2187 818 2228 de
834 2186 983 2228 Aeaco
1008 2185 1289 2228 mentionem
1307 2186 1433 2228 fecit.
1490 2185 1622 2228 Rha-

314 2248 616 2292 damanthum
646 2246 695 2287 in
721 2243 874 2302 Elysio
911 2242 1105 2287 inducit.
1138 2243 1233 2286 Od.
1258 2245 1351 2297 IV,
1382 2244 1481 2287 564.
1511 2243 1624 2293 VH,

320 2310 422 2351 524-
482 2304 634 2345 Minos
670 2302 718 2344 in
755 2303 882 2344 Oreo
907 2301 1022 2356 regis
1055 2311 1100 2343 et
1130 2301 1298 2357 judicis
1340 2315 1584 2357 personam
1605 2331 1622 2349 ,

317 2374 372 2405 ut
399 2363 450 2404 in
479 2361 614 2411 vivis,
647 2360 867 2411 sustinet,
896 2357 1021 2401 haud
1047 2374 1156 2401 vero
1183 2358 1357 2413 publici
1388 2356 1618 2400 solennis-

317 2436 409 2480 que
447 2419 649 2474 omnium
688 2416 943 2458 inferorum
977 2415 1144 2472 judicis
1172 2415 1392 2471 dignitate
1422 2415 1617 2464 fruitur,

317 2493 455 2536 quam
487 2475 761 2518 recentiores
790 2474 974 2516 demum
1002 2479 1162 2531 poetae
1193 2485 1239 2516 et
1268 2474 1353 2530 ipsi
1383 2482 1428 2513 et
1474 2472 1621 2514 colle-

314 2537 378 2591 gis
425 2535 704 2576 tribuerunt.
773 2531 883 2575 Vid.
923 2530 1016 2574 Od.
1056 2530 1150 2577 XI.
1192 2533 1295 2586 567.
1338 2529 1484 2579 XIX,
1527 2546 1624 2586 ¹79·

319 2591 544 2636 Halbkarr,
574 2607 611 2631 c.
639 2590 680 2631 4.
730 2591 772 2629 G.
799 2591 839 2629 P·-
874 2612 929 2619 -
971 2589 1027 2630 In
1055 2590 1250 2631 Tartaro
1282 2604 1375 2629 nou
1413 2586 1498 2628 nisi
1531 2589 1620 2627 Ti-

322 2664 447 2694 tanes
478 2648 659 2690 adsunt.
689 2649 741 2689 Η.
776 2647 909 2697 Vin,
940 2647 1039 2704 477.
1072 2658 1230 2704 estque
1262 2646 1484 2695 Tartarus
1510 2643 1587 2686 lon
1617 2669 1620 2673 ·

1571 2715 1625 2757 ge
