1780 3120
589 130 1226 190 *HOMERICAst
1496 148 1607 206 ¹07·

178 275 296 343 Ejus
325 268 507 339 generis
537 269 626 318 fuit
655 268 848 335 peplum
865 306 877 328 ‚
904 267 1032 335 quod
1058 265 1344 315 Telemacho
1362 306 1381 327 ,
1411 286 1503 334 quo
1526 271 1599 318 su·

177 350 328 389 turam
363 340 614 405 conjugem
649 352 779 383 suam
814 334 1039 392 donaret,
1080 331 1265 380 Helena
1298 333 1467 382 obtulit
1490 347 1508 371 ¹
1544 344 1593 384 et

173 403 422 472 splendida
462 401 541 451 illa
569 402 848 460 innumera,
882 418 1000 467 quae
1028 417 1054 446 a
1093 399 1247 464 procis
1292 402 1473 465 accepit
1502 402 1598 449 Pe·-

174 471 344 537 nelope
366 482 406 517 2.
481 467 842 533 Nonnunquam
892 465 1081 524 arduis,
1118 482 1145 512 a
1174 472 1332 528 patre,
1368 470 1500 528 cujus
1540 469 1600 514 fi-

171 536 283 583 liam
333 533 609 593 ambibant,
652 535 764 599 ipsis
806 532 1030 598 injunctis
1070 528 1307 577 laboribus
1346 533 1481 596 proci
1524 549 1600 580 ex-

174 609 383 666 optatam
424 599 515 648 sibi
549 603 795 664 conjugem
831 595 1183 663 comparabant.
1250 597 1323 643 Ita
1346 597 1601 661 pulcherri-
1661 627 1665 634 ·

171 684 296 714 mam
325 666 469 713 filiam
487 704 500 726 ‚
534 666 683 724 Fere,
731 671 858 727 θαῦμα
893 669 1104 729 βροτοῖσιν,
1140 678 1166 707 a
1196 659 1412 726 plurimis
1437 681 1596 730 quam-

170 733 238 782 vis
269 732 465 798 petitam
481 767 495 790 ‚
525 729 644 778 nulli
672 731 724 777 in
754 729 1107 778 matrimonium
1135 725 1332 778 tradidit
1358 726 1534 779 Neleus

396 832 410 844 .
443 800 482 851 ὃς
515 802 570 858 μὴ
597 799 725 850 ἕλικας
748 798 842 854 βόας
868 800 1146 859 εὐρυμετώπους

285 862 362 910 Ἐκ
383 866 562 916 Φυλάκης
576 864 723 910 ἐλάσειε
753 864 842 922 βίης
863 861 1085 927 Ἰφικληείης

286 929 500 991 Ἀργαλέας
522 927 560 975 5.
1432 975 1436 977 a

169 992 453 1041 Gravissima
481 991 754 1041 discrimina
785 991 928 1041 subiit
953 990 1300 1055 Bellerophon,
1333 992 1436 1052 cui,
1469 1011 1601 1042 man-

168 1057 290 1106 datis
327 1058 527 1106 feliciter
552 1057 804 1118 defuncto,
839 1056 1022 1107 Iobates
1058 1057 1323 1107 Philonoen
1352 1058 1499 1109 filiam
1525 1061 1599 1109 ul-

165 1132 238 1171 tro
264 1140 459 1171 uxorem
490 1124 750 1172 concessit:

298 1222 564 1238 ......
595 1192 656 1237 ’ὀτε
676 1191 722 1245 δὴ
755 1197 939 1255 γίγνωσκε
967 1193 1046 1238 θεοῦ
1070 1197 1169 1254 γόνου
1194 1188 1261 1245 ἠῢν
1283 1193 1389 1238 ε’έυτα
1409 1191 1451 1240 4.

170 1253 313 1314 Quod
336 1255 375 1302 si
405 1256 568 1314 fieret,
597 1263 730 1320 pater
747 1293 761 1315 ‚
797 1256 940 1304 ditior
963 1257 1015 1303 in
1043 1256 1208 1320 primis
1226 1293 1240 1315 ,
1271 1254 1414 1302 filiam
1445 1255 1596 1304 trade-

166 1318 246 1366 bat
272 1322 470 1380 ἀνάεδνον,
507 1338 649 1386 quam
677 1322 834 1387 itaque
867 1339 1009 1385 gener
1029 1324 1242 1380 futurus,
1278 1338 1305 1368 a
1337 1330 1470 1386 patre
1489 1361 1502 1382 ‚
1538 1332 1592 1371 ut

165 1384 352 1432 videtur
373 1420 390 1445 ,
437 1386 539 1450 ipso
591 1386 769 1434 electus
829 1387 968 1435 nullis
1009 1386 1098 1435 sibi
1137 1392 1249 1443 ἕδνοις
1301 1387 1590 1453 acquirebat.

166 1451 236 1500 Ea
278 1451 377 1515 lege
415 1452 564 1499 filiam
605 1452 777 1501 Achilli
821 1470 1014 1500 uxorem
1047 1469 1096 1500 se
1131 1452 1352 1501 daturum
1376 1454 1594 1518 promisit

163 1517 510 1580 Agamemnon,
547 1517 632 1566 uhi
650 1518 767 1566 iram
796 1518 871 1566 ille
898 1535 1030 1566 suam
1058 1519 1352 1584 repressisset
1373 1520 1416 1569 5.
1480 1520 1592 1566 Cas-

163 1580 383 1628 sandram
406 1620 419 1641 ‚
470 1584 646 1630 Priami
695 1584 838 1631 filiam
867 1621 880 1643 ,
928 1602 954 1632 a
996 1593 1129 1650 patre
1194 1584 1283 1633 sibi
1341 1587 1588 1651 conjugem

162 1650 334 1696 ἀνάεδνον
355 1646 545 1712 petebat
570 1647 843 1714 Othryneus
860 1687 873 1709 ,

305 1726 324 1761 .'
358 1747 669 1764 .......
703 1721 887 1778 ὑπέσχετο
912 1718 953 1764 δὲ
983 1722 1084 1779 μέγα
1108 1714 1217 1779 ἔργον
1236 1753 1250 1775 ,

292 1777 367 1825 Ἐκ
391 1783 528 1843 Τροίης
551 1786 726 1835 ἀέκοντας
757 1788 956 1843 ἀπωσέμεν
978 1783 1058 1835 υἷας
1077 1784 1244 1843 Ἀχαιῶν
1258 1798 1269 1809 ·

304 1846 374 1907 Τῷ
395 1845 432 1890 δ’
461 1853 615 1909 ὁγέρων
644 1850 817 1909 Πρίαμος
841 1853 910 1894 ὑπό
940 1847 972 1893 τ’
994 1845 1160 1909 ἔσχετο,
1193 1851 1260 1894 καὶ
1283 1853 1480 1898 κατένευσε

304 1911 548 1970 Δωσέμεναι·
585 1918 604 1957 ὁ
628 1911 667 1957 δὲ
697 1910 859 1974 μάρναθ’
878 1947 890 1969 ,
927 1916 1171 1973 ὑποσχεσέῃσι
1201 1917 1362 1969 πιθήσας
1384 1915 1423 1962 5.

163 1971 387 2021 Alcinous
412 1974 573 2040 Ulyssi
592 2013 603 2033 ‚
637 1992 778 2040 quern
800 1974 1044 2023 adamabat
1063 1986 1111 2023 et
1140 1993 1362 2041 generum
1388 1979 1480 2028 sibi
1509 1998 1586 2030 ex-

163 2036 378 2103 optabat,
425 2040 569 2088 filiam
606 2040 867 2091 ducendam
900 2040 1024 2088 ultro
1063 2041 1230 2104 offert,
1281 2045 1406 2111 quod
1445 2057 1497 2095 ut
1542 2050 1584 2095 ei

159 2103 440 2168 persuadeat
457 2144 468 2166 ,
552 2137 573 2172 t

211 2299 248 2344 ι)
273 2300 354 2338 vid.
379 2300 442 2338 Od.
466 2300 542 2347 XV,
572 2303 635 2337 225
659 2314 752 2349 seqq.
871 2303 910 2348 2)
937 2303 1017 2341 vid.
1037 2306 1158 2353 Odyss.
1183 2309 1322 2354 passim.
1449 2310 1488 2354 5)
1514 2311 1580 2348 Od.

163 2352 235 2398 XI,
258 2358 325 2402 289
345 2368 442 2402 seqq.
545 2356 584 2400 4)
610 2356 652 2392 ΙΙ.
676 2357 746 2402 ’νἸ,
769 2369 848 2402 ³9¹·
961 2360 1001 2404 5)
1028 2361 1109 2399 vid.
1140 2361 1183 2399 11.
1207 2362 1274 2408 IX,
1301 2363 1362 2399 141
1387 2375 1482 2410 seqq.
1527 2366 1578 2400 Ex

163 2405 285 2448 ἕδνοις
323 2418 419 2457 pater
462 2418 590 2457 quanta
623 2411 726 2446 vellet
763 2412 854 2446 filiae
887 2413 1068 2462 donabat,
1108 2417 1195 2451 unde
1243 2419 1412 2463 suspicari
1445 2421 1577 2465 possis,

165 2462 279 2509 inquit
315 2464 465 2502 Nitzsch.
505 2466 548 2500 ad
582 2466 647 2503 (Μ.
670 2466 710 2511 I,
745 2479 811 2513 277
841 2479 939 2515 seq·‚
974 2477 1013 2505 ut
1057 2473 1166 2517 φίλην
1209 2473 1388 2506 ἀνάεδνον
1427 2475 1575 2517 ἀγέσθω

163 2517 206 2554 11.
231 2518 256 2554 l.
281 2519 306 2552 1.
331 2520 491 2554 vertenda
518 2523 590 2555 siut
622 2536 638 2556 n
658 2521 714 2555 die
743 2521 844 2556 ffihre
874 2535 911 2558 er
951 2524 1044 2559 heim
1072 2526 1121 2561 als
1157 2527 1231 2561 eine
1269 2527 1357 2562 liebe
1391 2529 1577 2575 (Tochter)

164 2572 229 2604 mit
255 2574 495 2609 siimmtlichen
520 2576 646 2609 zuruck
679 2575 892 2623 gegebenen‚
919 2577 975 2613 ihr
995 2593 1036 2613 zu
1064 2582 1162 2627 eigen
1191 2581 1380 2626 gegebencn
1403 2582 1534 2622 ἕδνοις,
1551 2589 1576 2604 ²’

157 2626 263 2666 Quod
298 2627 373 2662 vir.
410 2630 508 2667 Docz.
543 2631 638 2665 venia
669 2631 766 2666 uobis
796 2631 888 2667 haud
917 2634 1093 2679 probatur.
1217 2636 1259 2681 u)
1294 2637 1337 2674 11.
1377 2637 1480 2684 Xlll,
1512 2641 1578 2676 505

158 2690 250 2726 seqq.
