1780 3120
176 180 242 228 82
545 166 1220 232 ANTIQUITAS

307 304 406 353 Οὐδ’
425 301 485 369 ἄρ’
512 305 573 353 ἔτι
603 303 671 358 δὴν
694 299 810 361 ἧστο,
843 308 1051 363 μενοίνησεν
1076 302 1114 350 δ’
1127 304 1335 367 ἅγορεὺειν·

307 375 387 426 Στῆ
417 372 456 418 δὲ
481 377 578 432 μέσῃ
602 371 742 432 ἀγορῇ·
776 380 962 430 σκῆπτρον
989 367 1030 412 δέ
1049 374 1080 413 οῖ
1103 365 1253 428 ’ἔμβαλε
1283 375 1381 435 χειρὶ

303 437 444 500 Κήρυξ
474 439 671 496 Πεισήνωρ
687 470 699 490 ,
736 440 946 493 πεπνυμένα
972 435 1093 492 μήδεα
1122 436 1223 486 εἰδώς
1246 443 1282 479 ².

178 501 379 566 Singuli,
415 519 521 548 cum
540 496 728 545 dicendi
759 499 899 544 finem
933 497 1161 551 fecerant,
1196 497 1248 543 in
1276 514 1407 545 suam
1435 498 1591 548 sedem·

175 567 478 615 discedebant
502 603 514 624 ,
565 572 617 610 ut
670 562 826 619 alteri,
876 562 914 607 si
953 563 1057 626 quis
1099 571 1246 618 esset,
1285 565 1593 614 concionandi

175 630 326 682 lorum
372 631 562 688 darent,
611 626 1006 694 quemadmodum
1039 628 1091 674 in
1135 628 1448 694 Trojanorum
1487 648 1594 678 con-

178 700 310 759 cione
343 700 578 746 Antenor:

451 800 463 811 .
493 761 547 825 ’ἄγ’
581 763 629 814 ὥς
644 764 755 807 εἰπὼν
784 759 868 806 κατ’
897 759 959 822 ἄρ’
979 762 1082 813 ἕζετο
1106 777 1109 780 ’
1146 772 1238 807 τοῖσι
1260 760 1295 805 δ’
1318 766 1454 816 ἀνέστη

305 832 392 883 Δῖος
421 829 664 889 Ἀλέξανδρος
683 862 694 883 ,
726 828 876 879 Ἑλένης
901 832 1003 878 πόσις
1022 832 1189 886 ἠϋκόμοιο
1208 838 1247 878 2,

239 893 277 958 §.
314 894 363 953 4.
430 892 530 940 Nec
560 901 746 947 tamen,
782 906 898 954 quae
934 888 1160 949 diximus,
1196 908 1380 956 semper
1416 897 1462 937 et
1494 891 1596 938 ubi-

176 976 265 1025 que
289 958 529 1005 observata
565 964 687 1003 sunt.
753 955 812 1000 In
851 956 1105 1018 repentinis
1149 958 1273 1002 enim
1313 956 1477 1011 rebuS,
1515 956 1597 1003 ubi

174 1033 354 1072 mature
402 1024 519 1070 facto
562 1038 677 1086 opus
718 1029 844 1077 erat,
897 1021 1054 1068 omnia
1096 1037 1232 1085 saepe
1280 1020 1363 1067 alia
1408 1021 1596 1070 fiebant.

176 1090 219 1137 A
245 1089 458 1154 Trojanis
494 1085 694 1150 exempli
724 1087 892 1148 gratia,
930 1085 1008 1150 qui
1034 1087 1164 1132 novis
1199 1085 1257 1131 ab
1289 1084 1471 1131 Achille
1503 1085 1597 1133 edi-

175 1156 234 1209 tis
267 1154 544 1202 facinoribus
580 1153 784 1217 primum
811 1152 1098 1197 consternati
1132 1168 1157 1197 e
1187 1150 1362 1215 proelio
1387 1167 1435 1196 se
1471 1167 1596 1197 rece-

174 1229 366 1285 perant,
404 1219 564 1266 concio
585 1217 743 1264 habita
782 1215 1012 1274 traditur,
1049 1216 1107 1262 ad
1138 1234 1275 1283 quam
1309 1215 1436 1262 haud
1465 1232 1599 1264 voca-

179 1287 215 1333 ti
242 1284 544 1342 accedebant,
591 1291 660 1329 ast
685 1280 895 1346 undique
942 1290 1117 1329 temere
1162 1280 1484 1341 confluebant,
1525 1297 1599 1329 re-

174 1367 281 1399 rum
307 1367 493 1397 suarum
519 1347 717 1413 trepidi:

307 1418 461 1477 Ὀρθῶν
484 1415 520 1463 δ’
539 1421 724 1461 ἑσταότων
747 1417 863 1476 ἀγορὴ
891 1413 1031 1477 γένετ’,
1064 1413 1146 1459 οὐδέ
1175 1433 1229 1466 τις
1246 1411 1336 1468 ἔτλη

295 1481 490 1535 “Era-ea:
504 1497 514 1508 ·
551 1488 691 1532 πάντας
710 1483 785 1541 γὰρ
808 1481 876 1539 ἔχε
898 1485 1028 1542 τρόμος
1047 1514 1057 1535 ,
1091 1479 1204 1524 οὕνεκ’
1222 1479 1422 1540 Ἀχιλλεὺς

306 1547 500 1610 Ἑξεφοὶνη
516 1582 529 1602 ,
564 1546 672 1607 δηρὸν
692 1545 730 1589 δὲ
763 1552 891 1605 μάχης
918 1543 1090 1591 ἐπέπαυτ’
1112 1548 1298 1606 ἀλεγεινῆς
1321 1543 1356 1590 3.

179 1610 281 1660 Nec
330 1609 529 1656 absimili
567 1610 746 1655 ratione
787 1608 929 1654 iidem
964 1616 1071 1672 post
1109 1625 1316 1672 pugnam
1353 1606 1600 1653 diremtam

182 1676 455 1725 concionem
500 1674 730 1729 inierunt,
765 1689 856 1736 qua
892 1689 1051 1719 ensem
1071 1709 1082 1727 ‚
1133 1672 1306 1736 sceptri
1339 1671 1470 1733 loco,
1504 1689 1602 1720 ma-

181 1742 321 1791 nibus
350 1739 540 1787 tenebat
578 1737 638 1786 acl
669 1738 792 1786 cives
817 1738 1027 1784 dicturus
1055 1738 1259 1786 Hector:

314 1837 768 1854 ..........
801 1803 840 1849 ἔν
864 1805 898 1850 δ’
918 1803 998 1867 ἄρα
1024 1808 1121 1865 χειρὶ

287 1871 437 1934 ’Έγχος
454 1872 520 1933 ’ἔχ’
549 1871 802 1929 ἑνδεκάπηχυ·
854 1901 1162 1916 .......

313 1941 381 2000 Τῷ
404 1939 460 2000 ‘o'y’
491 1943 717 2000 ἐρεισάμενος
736 1971 748 1992 ,
783 1936 877 1980 ἔπεα
898 1937 1072 1997 Τρώεσσι
1102 1936 1266 1994 μετηύδα
1288 1932 1329 1981 4.

246 2002 286 2066 §.
324 2002 370 2049 5.
441 2004 615 2059 Locus,
661 2016 752 2064 quo
797 1999 1046 2045 conciones
1088 1998 1393 2057 haberentur,
1439 1997 1602 2046 defini-

169 2077 259 2116 tus
289 2075 335 2113 et
365 2076 517 2113 certus
547 2083 642 2112 non
667 2066 770 2111 fuit.
820 2064 928 2111 ‘Pro
963 2064 1096 2110 variis
1123 2063 1329 2110 locorum
1358 2072 1405 2110 et
1427 2072 1600 2128 tempo·

183 2150 286 2180 rum
323 2130 745 2197 opportunitatibus
767 2166 779 2187 ,
828 2145 913 2192 pro
949 2129 1129 2176 diversa
1164 2146 1319 2176 rerum
1352 2137 1515 2175 natura
1552 2137 1600 2175 et

185 2197 481 2254 conditione,
526 2197 618 2243 huc
657 2196 762 2242 illuc
807 2194 1146 2241 conveniebant
1185 2192 1456 2241 consulturi.
1521 2194 1599 2241 Ad

181 2279 346 2311 navem
362 2263 488 2309 enim
516 2261 782 2308 Nestoream
802 2260 997 2307 habetur
1024 2264 1140 2319 βουλὴ
1162 2267 1337 2324 γερόντων
1358 2259 1406 2306 5:
1436 2259 1485 2305 in
1508 2275 1609 2306 me·-

184 2328 272 2374 diis
324 2329 485 2374 castris
533 2327 594 2373 ad
639 2327 1050 2390 Agamemnoniam
1097 2328 1271 2389 ἀγορήνδε
1318 2324 1602 2371 conveniunt

185 2394 352 2442 Graeci
375 2394 423 2439 6:
471 2392 578 2439 Ἰλίου
617 2399 654 2440 ἐν
685 2396 786 2439 πόλει
828 2391 928 2456 ἄκρῃ
968 2397 1072 2456 παραὶ
1113 2397 1295 2456 Πριάμοιο
1333 2394 1464 2455 θύρῃσι
1487 2401 1507 2436 7
1552 2398 1601 2437 et

1525 2473 1606 2521 Pu*

228 2595 269 2641 ι)
294 2597 358 2634 Od.
390 2596 451 2642 II,
475 2597 518 2632 56
544 2607 635 2641 seqq.
684 2594 738 2630 Cf.
764 2594 808 2632 11.
829 2595 943 2632 XXIII
960 2625 970 2642 ‚
993 2598 1060 2634 566
1088 2609 1182 2643 seqq.
1286 2594 1324 2640 2)
1350 2592 1394 2632 Il.
1414 2593 1484 2630 VII
1500 2623 1510 2641 ,
1533 2595 1601 2632 554

181 2663 277 2696 seqq.
371 2651 410 2697 5)
437 2652 480 2689 Il.
505 2650 641 2695 XVIII,
666 2651 732 2684 246
755 2662 849 2696 seqq.
927 2651 965 2696 4)
989 2652 1031 2689 Il.
1057 2651 1169 2694 VIII,
1194 2651 1261 2696 493
1280 2662 1374 2696 seqq.
1452 2649 1494 2693 5)
1519 2649 1602 2687 vid.

189 2705 306 2751 11.11‚
329 2707 388 2743 54.
485 2707 523 2752 Ο)
549 2704 631 2743 Vid.
653 2702 798 2751 ILVII,
822 2706 900 2744 585.
997 2707 1034 2753 7)
1057 2706 1136 2743 vid.
1155 2705 1199 2744 11.
1224 2705 1293 2740 vn
1310 2732 1320 2750 ‚
1343 2705 1410 2739 345
1427 2714 1500 2749 seq.
