1780 3120
597 130 1175 197 HOM'ERICA.
1501 149 1600 212 245

234 280 275 347 ξ.
309 297 356 329 2.
420 278 494 325 De
521 275 692 343 quibus
728 277 873 342 gravis
911 286 981 324 est
1019 295 1179 325 eorum
1209 295 1359 337 error,
1396 277 1476 342 qui
1503 279 1592 325 cir·

169 343 557 409 cumvagantibus
585 343 778 390 musicis
810 353 857 389 et
893 343 1154 390 cantoribus
1183 355 1445 390 nostrorum
1475 354 1588 390 tem·

168 429 335 479 porum
377 426 454 456 eos
486 408 826 474 comparandos
878 425 1101 455 censuere
1123 428 1132 454 :
1183 426 1271 455 nec
1305 411 1430 455 enim
1479 427 1593 455 con-

166 475 495 525 temnebantur
515 473 615 531 illi,
651 474 734 521 sed
762 490 926 535 magno
947 474 997 519 in
1028 475 1203 521 honore
1223 511 1234 531 ‚
1269 483 1406 539 atque
1426 473 1591 520 eodem

165 560 274 590 cum
300 539 519 588 heroibus
553 538 657 587 loco
689 537 979 585 habebantur
1003 548 1039 588 1.
1105 540 1267 586 Artem
1297 541 1423 585 enim
1458 556 1591 584 suam

163 607 381 672 singulari
413 606 622 652 Deorum
653 604 965 651 benivolentia
994 604 1105 668 ipsis
1132 620 1403 651 concessam
1433 605 1590 651 numi-

163 675 238 723 nis
267 673 412 740 ipsius
439 686 526 736 ope
553 679 599 716 et
621 669 772 717 afflatu
794 681 817 704 2
848 686 1063 717 exercere
1088 669 1428 718 credebantur:

297 741 406 785 Πᾶσι
431 743 506 799 γὰρ
525 740 767 798 ἀνθρώποισιν
804 740 1058 794 ἐπιχθονιέισιν
1086 738 1200 784 οἷοιδοί

297 806 422 862 Τιμῆς
445 800 606 862 ἔμμοροί
628 806 700 847 εἰσι
730 804 794 846 καὶ
816 801 936 853 αἰδοῦς
952 837 964 856 ,
996 803 1108 847 οὕνεκ’
1140 800 1219 865 ἄρα
1245 808 1360 865 σφέας

299 869 432 927 Οἵμας
464 867 586 912 Μοῦσ’
613 867 781 920 ἐδιδαξε·
818 869 952 929 φιλ-ηπ
978 868 1018 913 δὲ
1045 870 1153 931 φῦλον
1182 869 1315 915 ἀοιδῶν
1338 867 1379 916 5.

168 931 243 981 De
271 929 542 978 Demodoco
571 929 831 978 Homerus:

301 997 423 1043 Msfio'
445 997 509 1058 ἄρ’
539 998 656 1042 ἀειδὲν
685 1003 820 1048 ἀνῆκεν
842 996 1052 1057 ἀειδέμεναι
1077 998 1168 1042 κλέα
1194 999 1339 1062 ἀνδρῶν
1361 998 1404 1046 4.·

169 1062 296 1111 Hinc
320 1061 539 1124 frequens
566 1061 804 1107 Musarum
832 1060 1088 1118 invocatio,
1126 1070 1176 1107 ut
1200 1062 1251 1108 in
1279 1063 1377 1112 his:

288 1128 458 1173 ’Έσπετε
475 1136 534 1172 νῦν
566 1147 652 1187 μοι,
688 1126 870 1182 Μοῦσαι,
903 1129 1099 1187 Ὀλύμπια
1122 1129 1264 1187 δώματ’
1295 1129 1476 1191 ἔχουσαι·

299 1192 426 1252 Ὑμεῖς
456 1196 533 1253 γὰρ
561 1196 644 1237 θεαί
665 1197 748 1237 ἐστε
767 1228 778 1247 ‚
813 1199 978 1253 πάρεστέ
1003 1211 1067 1249 τε,
1102 1198 1183 1238 ἰ’στε
1215 1214 1256 1240 τε
1278 1204 1400 1242 πάντα
1423 1196 1462 1241 5.

170 1260 361 1307 Summa
392 1256 570 1302 cantori
595 1255 694 1302 laus
737 1255 909 1303 tributa
939 1265 1039 1314 est,
1074 1258 1156 1322 qui
1196 1258 1259 1305 ita
1299 1276 1373 1306 res
1411 1262 1594 1310 cecine-

169 1332 266 1380 rat,
294 1322 424 1388 quasi
454 1338 670 1385 praesens
709 1322 764 1369 iis
803 1321 1100 1368 interfuisset.
1167 1323 1384 1391 Namque
1407 1328 1467 1375 ad
1495 1329 1591 1375 De-

169 1386 422 1438 modocum
443 1386 655 1451 Ulysses:

294 1454 355 1501 Ἤ
384 1460 428 1500 σέ
452 1473 495 1515 γε
520 1454 639 1499 Μοῦσ’
666 1452 811 1506 έδιδαξε
827 1488 840 1508 ‚
874 1455 963 1506 Διές
987 1466 1098 1513 παῖς,
1133 1457 1160 1509 ἥ
1189 1462 1233 1502 σέ
1261 1458 1295 1520 γ’
1314 1457 1532 1507 Ἀπόλλων·

309 1520 413 1572 Arm
441 1525 517 1580 γὰρ
545 1523 642 1564 κατὰ
678 1525 814 1577 κόσμον
842 1518 1008 1580 Ἀχαιῶν
1029 1518 1120 1566 οἶτον
1152 1525 1283 1576 ἀείδεις
1304 1559 1317 1580 ,

288 1585 412 1630 ”Οσσ’
438 1584 556 1643 ἔρξαν
582 1586 636 1640 τ’,
663 1583 797 1629 ἔπαθόν
819 1602 859 1629 τε
875 1619 887 1639 ,
924 1590 988 1629 καί
1016 1588 1097 1631 ’ἀπ’
1122 1590 1312 1649 ἐμόγησαν
1337 1587 1497 1652 ”Axona

287 1650 367 1706 ’Ώς
392 1655 433 1695 τέ
461 1668 528 1694 που
558 1671 580 1702 η
613 1651 718 1700 αὐτὸς
747 1652 894 1710 παρεὼν
911 1685 924 1704 ,
960 1650 982 1703 ἢ
1007 1649 1121 1697 ἄλλον
1149 1657 1309 1707 &nouo-23
1334 1654 1371 1700 6.

170 1717 406 1776 Quantam
433 1729 542 1759 vero
564 1711 624 1758 de
649 1714 778 1759 ἀοιδῶν
817 1714 1043 1777 sapientia
1070 1717 1342 1780 opinionem
1367 1720 1594 1781 soverent,

170 1798 232 1828 ne
256 1779 314 1826 de
351 1777 563 1843 pluribus
605 1776 792 1836 dicam,
839 1795 897 1825 ex
934 1779 1201 1847 Penelopae
1240 1783 1300 1831 ad
1338 1785 1593 1835 Phemium

175 1843 329 1896 verbis
357 1852 538 1908 pateat:

320 1913 442 1969 Φήμιε
462 1945 474 1965 ,
508 1911 626 1954 πολλὰ
659 1913 734 1970 γὰρ
756 1906 858 1955 ἄλλα
889 1912 1033 1972 βροτῶν
1058 1916 1259 1976 θελκτήρια
1286 1912 1412 1976 οἶδας,

290 1972 411 2038 ’Έργ’
439 1977 582 2038 ἀνδρῶν
609 1992 648 2020 τε
676 1978 767 2019 θεῶν
791 1993 857 2034 τε,
889 1984 937 2022 τοι
961 1995 1001 2022 τε
1029 1980 1208 2024 κλείουσιν
1233 1983 1345 2027 ἀοιδοί
1367 1993 1402 2027 7.

1482 2049 1602 2111 Qui-

219 2163 257 2208 1)
282 2160 398 2196 Verba
425 2167 506 2196 sunt
535 2160 570 2197 J.
603 2158 675 2197 Fr:
698 2160 738 2195 X.
764 2159 929 2208 Wurth,
956 2161 993 2197 in
1023 2163 1119 2209 Spec.
1154 2164 1299 2212 hang„
1328 2168 1419 2214 quod
1448 2171 1603 2208 continet

175 2217 342 2264 quaedam
367 2215 408 2250 de
433 2215 697 2250 Homericorum
719 2219 914 2261 poematum
934 2219 1065 2261 origine
1084 2247 1093 2263 ‚
1118 2222 1366 2265 compositione
1389 2232 1424 2257 et
1450 2225 1493 2258 ad
1527 2225 1602 2258 for-

175 2272 338 2306 mandum
359 2270 571 2305 Graecorum
596 2270 751 2304 animum
768 2279 942 2305 momento
958 2300 966 2314 ‚
994 2280 1028 2306 et
1051 2273 1144 2317 publ.
1169 2286 1278 2312 exam.
1298 2277 1460 2312 submisit
1479 2288 1602 2313 auctor

175 2324 298 2361 Leodii
330 2335 386 2361 an.
412 2326 511 2360 1821.
546 2336 624 2370 pag.
647 2326 701 2361 14.
749 2325 835 2360 Cum
856 2327 898 2362 cl.
935 2327 1107 2362 Heerenio
1143 2329 1273 2375 (Ide'eln
1299 2339 1360 2366 etc.
1398 2332 1497 2368 Tom.
1533 2333 1603 2369 111.

176 2380 217 2417 P,
236 2393 267 2416 1·
291 2392 326 2425 p.
350 2378 452 2422 160.)
477 2378 609 2423 epicam
632 2379 842 2414 Graecorum
878 2381 995 2426 po‘e‘sin
1026 2394 1064 2416 ex
1084 2395 1202 2418 eorum
1240 2386 1390 2430 (vatum)
1416 2394 1518 2421 cantu
1541 2400 1602 2421 ex·-

178 2433 363 2478 temporali
382 2433 553 2467 exstitisse
571 2434 696 2467 statuit
721 2433 816 2468 Idem
839 2447 874 2479 p.
887 2435 912 2472 l.
932 2443 1048 2482 etseq.
1177 2437 1215 2481 2)
1240 2438 1457 2474 Demodocus
1477 2453 1601 2476 canere

180 2487 304 2533 incipit
334 2487 518 2533 ὁρμηθεὶς
551 2489 645 2520 θεοῦ
678 2487 742 2521 Od.
766 2486 879 2534 VIII,
903 2491 980 2534 490.
1123 2492 1161 2534 5)
1186 2491 1252 2525 Od.
1274 2492 1388 2537 VIII,
1414 2495 1480 2540 479
1508 2508 1606 2541 seqq.

182 2542 305 2587 Impiis
337 2541 481 2576 canendi
504 2542 702 2575 facultatem
722 2542 884 2576 auserunt
907 2543 1037 2581 Musae.
1086 2545 1166 2582 vid.
1192 2546 1232 2581 Il.
1254 2545 1309 2585 11,
1333 2549 1413 2592 595.
1483 2549 1522 2593 4)
1538 2551 1605 2584 Od.

179 2598 220 2634 L.
242 2597 268 2634 l.
304 2607 353 2634 vs.
375 2597 515 2644 73..cll.
547 2608 594 2632 vs.
617 2598 705 2642 487,
740 2598 820 2642 499.
842 2597 888 2631 al.
1029 2598 1067 2642 5)
1094 2598 1137 2635 11.
1164 2598 1224 2643 ΙΙ,
1257 2601 1324 2635 484
1349 2613 1442 2648 seqq.
1493 2603 1550 2636 Cf.
1573 2603 1606 2651 Ι.

183 2665 215 2688 1.
241 2651 286 2688 al.
403 2651 442 2695 6)
467 2651 530 2687 od.
556 2650 666 2695 VIII,
689 2652 755 2685 488
786 2664 879 2699 seqq.
929 2653 988 2692 Cf.
1030 2652 1159 2698 XVII,
1193 2656 1259 2690 528
1289 2667 1359 2701 seq.
1477 2657 1515 2703 7)
1540 2658 1608 2705 Od,

183 2705 224 2752 1,
249 2707 312 2751 337
337 2715 432 2751 seqq.
481 2706 538 2742 Cf.
561 2705 679 2751 XXII,
705 2707 780 2753 547.
1086 2751 1116 2793 Q
1140 2753 1162 2787 ὅ
