1780 3120
508 129 1089 198 noME-RICA.
1415 148 1507 203 ,μ

92 269 168 319 lea
199 266 439 325 delabatur
453 303 467 326 ,
498 281 620 317 neve
650 264 853 313 militum
889 261 1101 311 maxillae
1130 258 1387 325 gladiorum
1411 262 1521 311 icti-

93 336 184 385 bus
221 332 375 383 nudae
405 330 755 398 relinquantur,
790 326 878 375 sub
918 337 1076 375 mento
1113 337 1455 376 connectuntur
1476 340 1516 379 ¹.

97 404 228 462 Quae
261 416 487 463 ‘genarum
518 398 806 445 munimenta
844 394 1063 459 cogitavit
1095 393 1268 451 Poeta,
1310 410 1417 440 cum
1451 417 1521 442 κυ-

98 476 181 522 νέην
224 472 503 512 memoraret
543 463 805 526 χαλκοπαρῄον
827 471 864 506 ².
931 460 1002 506 De
1035 463 1140 524 φάλῳ
1168 466 1215 504 et
1242 461 1338 524 λόφῳ
1378 477 1518 524 supra

95 529 238 579 verbo
263 529 480 577 diximus.
549 527 818 576 Cavendum
843 534 995 572 autem
1025 541 1085 571 ne
1103 541 1210 571 cum
1240 523 1523 590 quibusdam

95 605 298 663 utraque
331 611 444 642 voce
494 592 620 642 idem
663 591 907 658 significari
950 590 1251 655 suspicemur.
1329 591 1524 638 Diversa

94 663 272 727 quippe
306 661 520 718 fuerunt,
562 658 688 726 quod
735 658 804 706 vel
832 673 955 703 unus
1007 655 1176 721 probat
1216 655 1412 702 Homeri
1450 655 1523 703 lo-

94 743 203 787 cus,
238 743 333 792 quo
365 726 629 774 Menelaum
662 740 772 770 ense
795 723 984 788 petiisse
1015 722 1187 768 dicitur
1212 719 1470 769 Pisander:

235 827 248 840 .
385 829 395 840 .
426 799 444 838 ὁ
469 795 537 852 μὲν
566 796 712 853 κόρυθος
737 794 850 853 φάλον
880 789 1019 843 ἤλασεν
1043 789 1280 842 ἱπποδασείης

215 855 361 919 ’Ἄκρον
383 860 452 903 ὑπὸ
483 859 589 921 λόφον
622 859 752 902 αύτὸντ
779 854 816 901 3.

94 921 217 969 Cum
248 923 385 968 crista
413 930 571 968 autem
607 938 750 967 conus
781 920 932 968 inerat
959 918 1113 984 galeae
1153 918 1276 984 parti
1312 920 1522 984 superio-

89 987 134 1034 ri
163 995 210 1034 et
243 1003 497 1045 convexae,
532 1004 672 1051 quam
694 990 895 1047 κὺμβαχου
923 985 1114 1031 nomine
1150 984 1407 1049 designavit
1440 1004 1524 1033 au-

91 1061 194 1099 ctor
215 1051 254 1100 4.
307 1052 486 1100 Ceteris
514 1051 681 1109 levius,
712 1051 981 1117 depressum
1003 1050 1026 1085 5
1059 1058 1106 1095 et
1134 1068 1243 1097 cum
1267 1068 1384 1099 cono
1417 1060 1520 1101 tum

95 1118 236 1164 crista
272 1117 549 1164 destitutum
591 1116 739 1180 galeae
782 1134 927 1180 genus
966 1116 1053 1162 fuit
1087 1118 1294 1174 καταῖτυξ,
1330 1134 1421 1180 quo
1457 1117 1519 1165 ad

98 1183 304 1248 Trojana
345 1192 494 1230 castra
552 1181 813 1247 speculator
854 1191 996 1228 noctu
1048 1182 1284 1244 profectus
1327 1183 1519 1228 Diome-

94 1247 176 1294 des
198 1257 338 1314 caput
369 1247 594 1307 munivit,
633 1248 751 1295 forte
778 1257 832 1296 ut
864 1249 927 1295 ita
956 1245 1124 1294 melius
1153 1246 1310 1297 hostes
1334 1246 1518 1302 lateret,

94 1313 207 1361 Fuit
243 1315 370 1363 enim

122 1382 126 1386 ⁴
225 1412 242 1428 .
375 1413 387 1425 .
421 1383 559 1444 ἀφα).ο’ς
584 1399 625 1426 τε
653 1383 717 1427 καί
743 1377 902 1444 ἔλαφος·
933 1382 998 1435 ἤτε
1025 1379 1207 1434 καταῖτυξ

226 1449 443 1501 Κέκληται·
469 1446 595 1509 ῥύεται
623 1446 662 1492 δὲ
693 1447 788 1508 κάρη
817 1449 981 1508 Θαλερῶν
1009 1451 1145 1499 αἰζηῶν
1168 1444 1207 1492 5.

94 1508 235 1571 Quod
259 1520 491 1576 superest,
527 1511 703 1573 galeam
728 1509 814 1556 sub
841 1520 997 1557 mento
1017 1509 1114 1556 loro
1145 1507 1345 1575 quodam
1363 1547 1377 1568 ,
1407 1516 1512 1575 ὀχεῖ,

93 1575 328 1640 religatam
364 1576 617 1635 tenebant,
654 1584 704 1622 ut
738 1575 796 1622 de
827 1576 996 1623 Paride
1027 1576 1198 1622 cecinit
1223 1577 1393 1625 Poeta:

215 1642 344 1705 ’Άγχε
374 1644 414 1688 δέ
442 1662 507 1704 μιν
535 1645 753 1694 πολύκεστος
785 1647 872 1702 ἱμὰς
892 1647 1042 1696 ἁπαλὴν
1070 1646 1138 1687 ὑπὸ
1162 1643 1313 1704 δειρὴν,

208 1708 292 1762 ’Ὀς
311 1715 341 1754 οἱ
368 1710 428 1755 ὑπ’
453 1711 668 1771 ἀνθερεῶνος
698 1711 804 1766 ὀχεὺς
832 1716 961 1754 τέτατο
991 1711 1210 1771 τρυφαλείης
1233 1718 1271 1754 7.

158 1771 198 1835 §.
232 1787 279 1818 2.
346 1773 544 1820 Pectora
579 1771 794 1836 cingebat
823 1775 965 1836 θώραξ.
1033 1773 1191 1828 Paris,
1227 1789 1301 1823 ex.
1330 1791 1430 1838 gn,

227 1841 408 1901 Δεύτερον
439 1837 486 1884 αὖ
511 1842 664 1901 θώρηκα
682 1843 767 1900 περὶ
795 1844 992 1891 στήθεσσιν
1019 1839 1143 1884 ἔδυνεν
1166 1838 1203 1885 3.

93 1901 134 1949 Α
168 1903 346 1950 cervice
387 1911 542 1949 autem
582 1900 642 1949 acl
679 1903 755 1949 ilia
798 1920 942 1969 usque
995 1902 1362 1964 extendebatur,
1393 1903 1513 1968 μέχρὶ

93 1972 254 2032 λαγόνων
282 2003 295 2027 ,
342 1976 395 2014 ut
430 1968 493 2015 ait
537 1967 811 2014 Eustathius
847 1978 885 2016 9.
963 1967 1187 2016 solidiore
1235 1970 1509 2036 plerumque

91 2033 310 2093 metallo,
360 2050 464 2081 aere
498 2032 548 2080 in
591 2034 782 2100 primis,
832 2033 1106 2094 constabat,
1153 2052 1244 2101 qua
1272 2034 1330 2082 de
1375 2053 1512 2084 causa

1408 2104 1512 2163 χάλ-

141 2237 179 2282 ι)
206 2235 287 2275 vid.
319 2237 363 2274 11.
396 2236 501 2283 XVI,
537 2239 613 2276 106.
661 2239 774 2282 Quam
804 2239 984 2286 praecipue
1018 2240 1135 2286 galeae
1165 2247 1300 2287 partem
1334 2239 1509 2274 feriebant

95 2302 198 2331 ense,
218 2303 284 2338 quo
307 2291 442 2327 scilieet
464 2292 604 2340 oblique
641 2302 744 2340 caput
771 2295 954 2341 petebant,
975 2303 1014 2330 ut
1046 2303 1142 2331 notat
1165 2297 1366 2331 Buttmann.
1397 2295 1510 2330 Lexil.

93 2344 241 2382 v01.11.
276 2359 309 2392 p.
334 2359 380 2384 m.
403 2349 481 2384 246.
609 2349 648 2392 2)
676 2349 755 2382 vid.
784 2349 826 2385 ll.
844 2349 929 2395 XII,
956 2353 1032 2388 183.
1055 2350 1177 2395 XVII,
1202 2352 1281 2395 294-
1399 2349 1439 2393 3)
1463 2348 1508 2386 II.

93 2399 200 2444 XIII,
225 2402 291 2435 614
314 2411 385 2448 seq.
419 2402 477 2438 cll.
511 2402 564 2447 X,
595 2405 662 2448 257
685 2415 780 2450 seqq.
838 2405 924 2440 Cum
948 2418 1028 2441 vero
1061 2406 1250 2450 conjunctis
1276 2416 1409 2449 semper
1434 2411 1514 2438 ute-

92 2461 215 2488 rentur
238 2454 376 2501 heroes,
402 2464 437 2490 et
470 2456 558 2491 alter
593 2457 741 2492 alterum
782 2460 1001 2506 requireret,
1032 2460 1159 2495 sactum
1189 2467 1263 2502 est,
1300 2466 1339 2493 ut
1372 2458 1511 2503 saepius

93 2509 221 2555 prioris
260 2517 394 2545 tantum
429 2512 638 2545 mentionem
671 2512 793 2547 fecerit
831 2514 952 2549 Po‘e'ta·
1079 2514 1118 2558 4)
1144 2514 1223 2548 vid.
1257 2513 1300 2547 ll.
1322 2512 1400 2557 XV,
1424 2514 1507 2549 555.

90 2563 131 2607 5)
156 2563 242 2596 Λπὸ
266 2567 333 2598 τοῦ
370 2567 464 2599 κάτω
497 2567 700 2609 τετύχθαι.
748 2568 802 2604 Cf.
839 2568 950 2615 Kfipk.
976 2570 1042 2615 Op.
1069 2570 1128 2605 cit.
1163 2582 1197 2614 p,
1215 2569 1269 2613 95.
1398 2567 1437 2610 6)
1463 2567 1508 2602 Π·

92 2616 145 2661 X,
169 2619 236 2652 258
260 2630 331 2664 seq.
356 2620 397 2654 ad
420 2633 452 2668 q.
483 2619 505 2656 l.
531 2621 579 2654 cs.
603 2620 718 2657 Schol.
860 2624 897 2669 7)
924 2624 967 2661 Il,
1002 2624 1081 2665 ΙΙΙ,
1105 2626 1168 2670 57²
1200 2634 1271 2669 seq.
1394 2621 1435 2668 8)
1462 2620 1507 2660 Il.

90 2672 132 2710 Ι..
159 2672 184 2710 1.
212 2684 258 2710 vs.
281 2675 359 2711 332.
476 2675 515 2722 9)
539 2674 592 2710 Ad
613 2675 657 2713 11.
678 2675 752 2723 IV,
779 2678 987 2726 132—139.
