1780 3120
182 184 249 223 '22
540 176 1219 239 ANTIQUITAS

181 301 341 356 culiari
367 303 587 371 religione
611 305 952 356 venerabantur
967 344 978 363 ‚
1013 315 1066 353 ut
1089 306 1308 355 Athenen
1351 308 1542 374 Ulysses
1565 324 1604 362 1.-

179 368 412 435 Penelope
450 371 670 419 omnibus
700 372 799 419 Diis
829 371 1049 435 perfectas
1079 371 1372 421 hecatombas
1402 384 1536 422 vovet
1557 376 1604 423 2,.

181 435 356 483 Omnes
375 438 683 483 communiter
715 446 762 483 et
789 453 1008 500 persaepe
1039 438 1183 482 Zeum
1216 438 1435 498 adorant,
1470 458 1494 485 e
1523 458 1602 486 cu-

175 503 250 568 jus
283 502 462 563 gemino
497 501 621 548 dolio
656 502 780 550 bona
807 502 1014 566 malaque
1051 503 1204 549 omnia
1235 503 1443 568 depromi
1486 521 1597 551 cen-

182 564 347 612 sehant
369 567 405 613 5.

247 629 288 693 ξ.
326 646 373 676 2.
442 632 502 677 In
533 630 663 678 omni
699 632 891 678 omnino
925 632 1120 699 alicujus
1164 634 1390 680 momenti
1420 633 1602 696 negotio

179 694 478 759 suscipiendo
493 735 503 753 ,
526 698 729 760 primum
747 698 954 743 omnium
972 698 1073 744 Diis
1103 697 1428 761 supplicabant
1448 736 1459 756 ,
1490 715 1603 762 quo-

177 777 283 807 rum
318 777 407 824 ope
443 761 674 809 destitutis
709 761 831 808 nihil
862 762 981 809 bene
1024 762 1113 809 sibi
1162 779 1397 809 cessurum
1434 772 1601 809 statue-

178 823 306 873 bant.
376 825 431 872 Id
461 826 721 875 observavit
740 826 909 874 Nestor
937 846 1043 875 cum
1072 828 1131 874 ad
1153 827 1385 874 Achillem
1415 827 1604 891 legatio-

176 907 285 937 nem
306 889 458 938 obiret
479 891 520 939 4:
558 893 768 940 Priamus
805 893 863 939 ab
897 893 1059 940 eodem
1091 893 1174 940 filii
1205 893 1396 940 cadaver
1421 892 1606 939 redem-

178 963 306 1002 turus
330 955 365 1001 5:
404 956 807 1023 Ulyssesde‘nique
823 968 870 1005 et
886 958 1214 1017 Telemachus,
1230 977 1372 1023 quum
1397 958 1473 1005 ille
1485 959 1604 1004 Tro-.-

177 1022 394 1082 janorum
427 1032 573 1069 castra
613 1023 702 1069 sibi
742 1023 1023 1088 exploranda
1061 1034 1262 1069 sumeret
1285 1025 1329 1079 6,
1369 1025 1445 1070 hic
1476 1023 1603 1070 navi-

173 1083 261 1131 bus
293 1086 463 1151 Pylum
485 1087 611 1135 adire
639 1090 944 1136 constitueret
967 1100 1003 1136 7.
1073 1088 1280 1135 Felice-sn
1304 1091 1476 1136 exitum
1502 1105 1604 1149 gra·

173 1150 345 1198 tiarum
394 1153 513 1199 actio
559 1153 952 1219 subsequebatur,
1004 1170 1120 1220 quae
1161 1154 1281 1200 votis
1299 1193 1309 1212 ,
1363 1153 1601 1201 sacrificiis

176 1223 224 1261 et
266 1216 569 1265 libationibus
605 1220 916 1267 eucharisticis
968 1219 1144 1283 magiS,
1190 1236 1329 1284 quam
1371 1236 1448 1265 ore
1496 1234 1602 1283 pro-

174 1278 266 1326 lato
301 1282 551 1330 verborum
584 1283 760 1331 honore
796 1285 1064 1342 constabat,
1110 1292 1162 1329 ut
1193 1284 1423 1348 exemplis
1452 1284 1500 1328 in
1535 1283 1603 1346 ip-

174 1361 224 1391 so
266 1346 467 1393 Homero
495 1348 640 1394 obviis
677 1350 932 1412 intelligere
959 1350 1070 1393 licet
1090 1349 1126 1391 8.
1204 1348 1303 1395 Nec
1335 1350 1459 1395 bona
1497 1357 1602 1393 tan-

173 1418 273 1456 tum
310 1410 395 1458 sibi
424 1421 591 1476 petunt
622 1430 646 1458 a
675 1413 812 1470 Deis,
848 1412 932 1461 sed
963 1412 1061 1459 aliis
1096 1410 1237 1458 etiam
1271 1413 1389 1459 mala
1429 1413 1603 1476 impre-

172 1485 362 1534 cantur,
403 1486 455 1522 ut
483 1479 670 1525 Graecis
718 1476 941 1542 Chryses,
976 1476 1242 1543 Apollinem
1275 1478 1346 1525 his
1383 1477 1599 1544 precibus

172 1538 385 1588 adortus:

373 1611 530 1653 Τι’σειαν
561 1610 701 1654 Anemo?
723 1612 798 1667 ἐμὲ
828 1612 973 1672 δάκρυα
1009 1620 1103 1654 σοῖσι
1131 1612 1303 1666 βέλεσσιν
1327 1619 1364 1654 9.

237 1669 277 1733 §.
315 1671 360 1718 3.
428 1673 533 1731 Quo
559 1672 678 1717 Deos
708 1672 887 1719 facilius
916 1682 1185 1730 exorarent,
1222 1690 1415 1719 munera
1444 1690 1492 1721 se
1517 1672 1597 1722 da-

173 1741 304 1781 turos
330 1735 682 1800 pollicebantur.
724 1738 884 1802 Itaque
903 1738 1096 1783 Theano
1117 1755 1222 1784 cum
1246 1737 1346 1784 aliis
1376 1741 1597 1786 matronis

173 1798 385 1867 Trojanis
418 1801 635 1847 Athenen
675 1813 856 1866 precata
892 1803 1084 1867 peplum
1118 1804 1160 1848 ei
1204 1803 1338 1849 offert
1376 1813 1420 1849 et
1451 1805 1595 1851 salute

169 1875 300 1928 parta
335 1866 579 1912 duodecim
619 1866 760 1912 boves
791 1867 1094 1914 immolandos
1131 1877 1267 1914 vovet
1294 1880 1349 1912 10.
1427 1869 1595 1917 Eidem

172 1931 300 1976 Deae
327 1931 496 1978 Nestor
534 1949 619 1996 pro
648 1932 869 1980 incolumi
909 1933 967 1979 ad
994 1933 1198 1979 Graecos
1230 1932 1381 1989 reditu
1416 1935 1597 1999 suppli-

176 2004 332 2056 catur,
368 1996 440 2043 his
469 1997 625 2045 verbis
661 2014 799 2044 usus:

1509 2064 1598 2111 Ἀλ-

224 2188 261 2234 1)
286 2188 330 2224 11.
354 2189 405 2234 X,
430 2204 508 2238 277.
639 2191 679 2236 2)
703 2190 768 2225 Od.
793 2189 890 2224 XVII
906 2218 915 2235 ,
939 2191 996 2236 59.
1131 2187 1170 2232 5)
1197 2187 1276 2223 vid.
1311 2186 1352 2224 Il.
1377 2187 1506 2234 XXIV,
1529 2192 1596 2237 527

173 2255 267 2289 seqq.
302 2243 387 2289 ibiq.
426 2244 570 2290 interpr.
685 2246 723 2289 4)
748 2245 791 2282 Il.
811 2245 882 2291 IX,
917 2258 995 2291 172.
1117 2242 1156 2286 5)
1181 2241 1225 2276 Il·
1249 2241 1356 2276 XXIV
1373 2269 1382 2287 ‚
1404 2244 1468 2278 506
1501 2257 1596 2291 seqq.

173 2297 211 2341 6)
238 2297 280 2333 Il.
301 2298 350 2342 X,
375 2311 452 2344 277.
556 2300 592 2346 7)
616 2300 680 2336 od.
703 2300 737 2334 ΙΙ
755 2329 765 2345 ,
789 2302 868 2335 452.
996 2297 1034 2342 8)
1058 2296 1126 2331 Ore
1149 2297 1240 2330 enim
1273 2295 1427 2341 prolatae
1461 2300 1596 2342 gratia-

170 2363 247 2396 rum
279 2353 457 2397 actiones,
486 2361 523 2387 ut
562 2362 658 2388 notat
686 2355 808 2389 Staber
837 2353 878 2388 ad
908 2352 943 2389 h.
965 2352 1016 2398 l-,
1048 2359 1126 2386 sunt
1163 2350 1310 2384 rariores
1340 2351 1428 2394 apud
1463 2352 1596 2387 Home-

173 2417 274 2451 rum,
299 2407 366 2440 nisi
391 2407 474 2441 tales
502 2420 572 2441 esse
601 2409 720 2443 credas
744 2409 786 2445 ll.
812 2408 917 2452 XIII,
943 2409 1004 2442 651
1029 2418 1122 2450 seqq·
1155 2403 1221 2440 Od.
1242 2403 1281 2447 Ῑ,
1308 2406 1362 2440 61.
1408 2405 1508 2440 Illius
1533 2420 1593 2451 ge-

171 2461 263 2493 neris
296 2469 367 2505 est,
403 2461 493 2506 quod
522 2462 727 2497 describitur
752 2463 794 2498 Ii.
830 2463 898 2505 XI,
935 2474 998 2506 720
1029 2472 1120 2505 seqq.
1175 2458 1227 2494 Cf.
1260 2458 1421 2496 Eustath.
1462 2461 1504 2494 ad
1547 2461 1590 2497 11.

170 2510 306 2559 XXIV,
345 2518 411 2549 455
444 2528 534 2561 seqq.
592 2517 743 2551 Deorum
777 2517 934 2551 laudibus
978 2515 1049 2548 fere
1078 2526 1192 2559 preces
1234 2513 1435 2548 constabant
1471 2517 1520 2550 ita
1552 2526 1592 2552 ut

170 2564 290 2611 hymni
308 2569 422 2613 potius
442 2577 564 2606 essent.
606 2571 684 2606 Yial.
711 2571 862 2606 Nitsch‘s
892 2569 1145 2611 Bescluribung
1185 2575 1246 2601 etc.
1284 2575 1366 2604 tom.
1398 2568 1426 2604 I.
1460 2582 1492 2614 p.
1523 2573 1590 2615 670

167 2630 239 2664 seq,
342 2622 379 2666 9)
406 2622 450 2660 ll.
474 2624 512 2669 1,
535 2626 591 2663 42,
640 2624 694 2659 Cf.
714 2625 784 2671 Lx,
807 2627 870 2662 561
898 2637 994 2671 seqq.
1112 2621 1171 2667 ιο)
1195 2620 1238 2659 Il.
1256 2620 1324 2668 YI,
1348 2635 1390 2669 90
1413 2635 1484 2671 seq.
1532 2622 1586 2661 Cf.

169 2685 219 2710 vs.
245 2676 310 2711 305
334 2687 429 2721 seqq.
