1780 3120
566 127 1202 207 ,HQM'ER-1·GA·-
1495 133 1593 204 zei

306 269 374 312 -Οέ
402 264 439 310 δ’
461 267 532 316 αἰεὶ
553 265 713 315 ἐθέλουσι
750 267 928 311 νεόπλυτα
953 264 1075 325 εἵματ’
1103 262 1250 325 ἔχοντες
1426 297 1432 303 -

302 332 376 386 'Ec'
399 333 508 393 χορὸν
523 327 728 393 ἔρχεσθαι”
765 336 814 375 τὰ
833 330 868 377 δ’
889 333 963 393 ἐμῇ
992 334 1096 393 φρενὶ
1120 336 1244 375 πάντα
1267 331 1430 391 μέμηλεν

1444 327 1489 378 fx,

405 740 747 790 CAPUT
826 737 1342 787 DECIMUM.

568 895 635 928 DE
682 897 830 928 coMA
846 898 872 928 E
915 894 1153 927 ORNATU.

220 1057 260 1120 ξ.
303 1074 345 1104 1.
415 1030 522 1104 Ad
552 1057 761 1122 corporis
789 1055 965 1104 cultum
992 1073 1102 1104 cura
1131 1071 1315 1120 quoque
1343 1057 1579 1120 pertinet,

155 1140 293 1187 quam
318 1123 369 1168 in
384 1139 514 1170 coma
531 1132 812 1188 posuerunt,
848 1120 1115 1187 quaalenda
1145 1130 1191 1166 et
1207 1121 1415 1168 ornanda
1439 1122 1581 1170 Grae-

155 1189 199 1234 ci
230 1187 352 1234 haud
393 1206 557 1253 parum
596 1189 777 1236 decoris
819 1190 906 1235 sibi
950 1188 1198 1235 conciliare
1236 1186 1577 1237 existimabant.

153 1253 310 1312 Quare
329 1253 560 1301 Homerus
578 1256 750 1320 passim
768 1253 972 1302 celebrat
996 1261 1303 1317 καρηκομόωντας
1319 1251 1496 1315 ’Azanes-53
1519 1267 1574 1317 ²5

151 1313 202 1364 id
238 1328 337 1378 est,
376 1328 582 1382 κομόωντας
624 1328 672 1368 τα
704 1330 850 1384 κάρηνα
901 1326 966 1367 καὶ
1021 1325 1276 1382 πολύτριχας,
1314 1318 1574 1384 interprete

147 1384 423 1443 Eustathio,
459 1387 538 1452 qui
585 1386 738 1434 addit:
772 1390 853 1441 ἕθες
898 1383 943 1440 ἦν
976 1389 1123 1443 αὖτεῖς,
1167 1392 1283 1445 κόμην
1322 1394 1497 1449 τρέφειν,
1531 1389 1572 1432 οὐ

145 1457 253 1510 μόνον
270 1457 319 1505 εἷς
350 1455 504 1509 κάὶᾶρς,
539 1457 637 1500 ἀλλὰ
668 1459 731 1499 καί
759 1455 820 1498 δια
847 1456 887 1499 τὸ
904 1457 1073 1515 φοβερόν.
1143 1454 1260 1497 Οὕτω
1282 1457 1358 1514 γὰρ
1385 1456 1449 1497 καὶ
1478 1456 1569 1499 λέων

146 1525 315 1578 χαιτήεις
336 1521 583 1582 φοβερώτερος
610 1529 670 1565 τοῦ
700 1524 754 1579 μὴ
787 1525 921 1580 χαίτην
952 1519 1096 1579 ἔχοντος
1119 1516 1157 1566 3.

206 1582 245 1644 ξ.
283 1597 330 1627 2.
397 1583 538 1629 Flava
571 1585 822 1648 praecipue
848 1601 983 1630 coma
1015 1599 1069 1628 eo
1097 1592 1309 1647 tempore
1337 1581 1567 1630 celebrata

142 1656 268 1704 erat,
302 1664 443 1712 quam
485 1651 537 1696 in
574 1649 757 1697 Achille
780 1650 834 1706 4,
881 1647 1091 1695 Menelao
1115 1648 1138 1682 5
1174 1657 1220 1693 et
1265 1647 1495 1712 Meleagro
1518 1649 1566 1709 6,

141 1712 224 1775 qui
249 1712 361 1759 inde
394 1716 520 1766 ξανθοὶ
551 1715 880 1771 nominantur,
914 1712 1120 1760 laudavit
1157 1717 1395 1761 Homerus.
1464 1712 1563 1761 Nec

140 1777 296 1823 minus
328 1776 575 1839 placebant
612 1779 754 1843 crispi
791 1777 971 1841 capilli,
1014 1796 1128 1844 quos
1168 1777 1278 1826 ideo
1313 1779 1558 1839 Athenen,

139 1859 247 1887 cum
283 1842 442 1905 Ulyssi
489 1845 680 1907 gratiam
714 1844 1011 1903 conciliaret,
1046 1844 1195 1893 amico
1228 1861 1312 1892 suo
1343 1843 1560 1892 tribuisse

138 1906 273 1953 finxit
302 1908 477 1954 Poeta:

270 1971 402 2027 Οῧλας
427 1971 494 2027 ἧκε
522 1981 638 2036 κόμας
657 2013 669 2032 ,
706 1980 898 2036 ὑακινθίνῳ
930 1974 1032 2022 ἄνθει
1056 1978 1180 2036 ἑμςίας
1205 1988 1241 2024 7.

200 2038 241 2100 ξ.
277 2037 323 2085 3.
390 2042 557 2087 Comas
592 2041 716 2087 varic
757 2041 984 2088 ornabant
1020 2049 1066 2086 et
1096 2041 1379 2107 pectebant,
1413 2051 1466 2091 ut
1495 2043 1554 2091 de

135 2101 260 2149 Here
283 2102 484 2151 traditur
504 2143 515 2163 ‚
550 2123 666 2170 quae
699 2115 834 2166 χαίτας
856 2111 1044 2169 πεξαμένη
1069 2106 1090 2139 8
1121 2116 1227 2172 apte
1257 2126 1332 2155 eas
1365 2126 1556 2174 compo·

134 2170 227 2215 suit
269 2169 322 2216 in
354 2170 627 2230 cincinnos,
670 2177 877 2233 πλοκάμους
913 2192 951 2221 s.
990 2177 1202 2235 πλοχμοὺς,
1253 2176 1335 2240 qui
1374 2177 1550 2241 passim

1414 2259 1555 2307 prae-

174 2361 213 2407 1)
236 2363 299 2400 Od.
324 2365 363 2401 L.
384 2365 408 2402 l.
432 2379 481 2402 vs.
497 2370 540 2412 59
564 2377 658 2411 seqq.
793 2367 832 2412 2)
860 2367 943 2402 vid.
969 2380 997 2404 e.
1019 2380 1050 2413 g.
1074 2368 1119 2404 Il.
1141 2369 1200 2416 11,
1226 2383 1285 2410 11,
1310 2372 1374 2414 28,
1397 2372 1437 2406 51
1455 2399 1465 2415 ,
1489 2373 1546 2408 55.

127 2416 175 2450 al·
278 2419 316 2464 5)
341 2420 502 2456 Eustath.
531 2421 573 2454 ad
609 2419 653 2455 ΙΙ.
678 2420 718 2456 L.
739 2419 766 2456 l.
802 2434 852 2459 vs.
878 2435 931 2459 ²1·
1034 2424 1073 2467 4)
1101 2423 1182 2462 vid,
1213 2425 1258 2459 11.
1279 2425 1318 2469 1,
1345 2438 1422 2471 197.
1458 2425 1549 2471 ibiq.

127 2470 242 2509 Schol.
365 2475 404 2518 5)
429 2474 509 2511 vid.
545 2475 590 2510 ll.
612 2473 691 2519 111,
713 2477 793 2525 384.
826 2476 894 2522 IV,
921 2478 1005 2523 185,
1029 2491 1106 2515 210.
1238 2479 1276 2523 6)
1304 2479 1382 2515 Vid.
1418 2480 1462 2516 11.
1485 2480 1547 2521 ΙΙ,

127 2526 208 2561 642.
309 2527 348 2574 7)
372 2527 438 2566 Od.
457 2529 529 2574 VI,
552 2532 631 2565 251.
679 2528 795 2562 Οὐλαο
819 2530 863 2563 δὲ
883 2532 1010 2576 κόμαι,
1036 2534 1075 2564 αἱ
1098 2534 1424 2576 συνεστραμμέναι.
1464 2534 1544 2568 Eu-

123 2578 231 2613 nath.
264 2580 308 2614 ad
343 2581 409 2618 Od.
439 2583 465 2618 l.
487 2583 512 2618 l.
567 2583 699 2618 Eadem
729 2583 771 2618 de
802 2597 904 2619 causa
934 2585 1135 2631 Eurybaten
1175 2587 1265 2622 dixit
1299 2587 1544 2635 οὐλοκάρητον

122 2632 188 2668 Od.
206 2634 305 2681 XIX,
329 2639 408 2674 246.
527 2640 564 2684 8)
593 2637 672 2675 vid.
697 2637 738 2676 Il.
757 2639 860 2687 XIV,
885 2643 948 2688 175
966 2652 1041 2687 seq.
