1750 3116
169 128 258 158 'xxvr
524 121 756 156 OPERIS
803 121 1240 160 CONspzc'rus.

287 231 320 277 5.
341 240 376 272 5.
421 228 585 271 Quamvis
616 239 715 270 raro,
750 239 812 264 nec
846 231 936 274 fere,
961 231 1024 264 nisi
1048 234 1183 267 oraculo
1220 243 1399 279 monente,
1432 237 1502 271 tili-³v

253 286 386 326 quando
408 293 516 318 tamen
537 285 594 318 filii
616 288 656 318 ad
680 294 849 327 paternum
872 298 1010 330 regnum
1033 298 1100 322 non
1123 289 1394 326 admittebantur.
1429 304 1507 338 pag.
1525 291 1584 332 66.

172 340 282 382 Caput
302 342 351 373 11.
396 340 448 373 De
475 350 587 382 regum
610 349 776 381 potestate
803 349 902 382 atque
928 342 1057 377 officio.

285 398 316 443 ἓ,
341 408 371 430 1.
419 398 547 437 Regum
568 404 715 434 potestas
730 419 742 436 ,
764 398 915 436 quamvis
935 397 1066 437 scriptis
1094 398 1220 440 legibus
1244 402 1496 448 haudquaquam

253 452 520 492 circumscripta,
548 450 697 482 absoluta
724 458 832 484 tamen
862 462 928 484 non
952 453 1039 494 suit,
1060 461 1111 487 ast
1135 457 1247 490 eadem
1271 458 1339 493 fere
1352 484 1365 501 ,
1399 471 1497 502 quam

250 509 483 550 patei·i2nnilia5
509 508 542 539 in
567 515 642 539 suos
664 515 810 540 exercet.
1526 518 1582 562 67'.

281 566 314 610 §-
339 574 374 598 2·
422 565 551 605 Regum
578 563 689 595 officia
713 573 937 598 recensentur.
1030 584 1041 598 .
1134 586 1144 600 .
1236 589 1248 600 .
1334 587 1345 601 ι
1448 591 1462 605 .
1522 572 1578 616 67.

282 621 313 665 ς.
334 632 369 662 3.
429 623 572 653 Primum
606 627 641 652 et
669 619 848 651 maximum
875 620 908 652 in
939 619 1032 653 bellis
1059 621 1123 654 fuit
1145 631 1260 664 regum
1291 622 1492 665 imperium:

247 675 348 709 iidem
368 686 448 710 vero
470 683 504 709 et
520 675 679 715 justitiam
708 682 742 706 et
768 683 860 707 sacra
878 677 1037 716 quaedam
1059 678 1228 712 curabant.
1341 700 1350 712 .
1444 702 1457 713 .
1520 683 1578 717 68·

167 732 274 774 Caput
297 732 364 767 ΙΙΙ.
396 736 461 767 aDe
486 730 633 765 dominio
663 729 769 769 regio.

279 789 312 836 §.
339 801 369 826 1.
415 789 557 822 Plurima
580 784 721 830 γέρατα
734 795 750 817 a
767 786 891 827 populo
905 786 976 828 regi
991 788 1163 824 dabantur.
1190 791 1230 823 In
1244 789 1284 825 iis
1304 788 1473 831 τέμενοςς
1515 792 1576 836 69,

278 850 312 894 ἓ.
333 859 368 882 2.
416 842 617 884 Θέμιστεςε

275 904 308 950 5.
332 918 366 948 3.
410 912 445 938 et
469 904 572 948 δῶρα
592 915 621 938 s.
647 900 815 934 δωτίναι.
859 899 1068 940 Adjiciuntur
1087 902 1244 939 quaedam
1272 904 1313 936 de
1339 904 1494 946 ratione,

246 969 312 1000 qua
327 958 438 998 copias
462 960 601 990 aluerint
625 954 759 994 Trojani
780 963 814 987 et
835 955 969 986 Graeci.
994 955 1056 994 (de
1077 956 1127 987 his
1144 957 1214 989 vid.
1233 959 1309 990 add.
1325 969 1359 999 p.
1371 959 1470 1000 361.)
1517 972 1571 1004 71.

279 1014 311 1059 §-
333 1023 367 1054 4.
412 1012 488 1044 Alia
508 1012 667 1053 quaedam
683 1009 825 1050 praemia
847 1016 1077 1049 recensentur,
1099 1010 1218 1048 quibus
1238 1012 1402 1054 principes
1422 1017 1494 1049 uni.

247 1078 344 1102 verse
370 1067 479 1100 ornari
500 1068 663 1099 solebant.
717 1087 729 1098 .
816 1086 828 1097 .
919 1084 931 1097 .
1024 1080 1037 1094 0
1124 1084 1136 1096 .
1239 1087 1251 1098 .
1340 1090 1354 1102 .
1447 1092 1458 1104 ,
1522 1081 1578 1114 72,

168 1126 276 1166 Caput
299 1125 363 1157 IV.
409 1123 462 1156 De
485 1132 598 1164 regum
625 1120 824 1162 insignibus.

283 1182 312 1226 ἓ.
337 1190 368 1212 1.
413 1180 451 1211 In
474 1177 514 1211 iis
534 1178 721 1218 primarium
747 1177 808 1210 fuit
830 1184 995 1217 sceptrum
1010 1199 1021 1216 ,
1038 1185 1105 1217 quo
1124 1176 1274 1216 publicae
1289 1181 1496 1216 auctoritatis

249 1234 370 1275 insigni
391 1242 504 1265 onmes
530 1234 694 1275 principes
720 1234 784 1266 viri
805 1235 911 1266 ornati
933 1241 1038 1266 erant.
1189 1252 1201 1264 .
1343 1255 1356 1267 .
1445 1258 1457 1269 .
1521 1248 1578 1280 72.

279 1292 312 1337 ἓ.
334 1301 366 1323 2.
413 1292 552 1325 Arboris
569 1302 660 1324 ramo
681 1291 781 1325 fiebat
800 1300 980 1331 sceptrum.
1132 1310 1144 1324 .
1237 1311 1250 1322 .
1339 1309 1352 1323 .
1443 1312 1456 1325 .
1520 1304 1577 1335 73.

280 1349 311 1393 ἓ,
334 1356 368 1386 3.
415 1345 513 1386 Quod
535 1347 640 1380 aureis
662 1349 764 1381 clavis
791 1347 844 1379 hic
866 1347 934 1379 illic
954 1346 1160 1386 splendebat.
1245 1365 1257 1377 .
1347 1367 1360 1381 .
1449 1370 1460 1383 .
1524 1361 1581 1392 73⁶

283 1404 315 1448 ἓ.
335 1415 368 1444 4.
417 1403 536 1435 Utrum
557 1413 616 1444 pro
636 1405 774 1445 sceptris
793 1402 971 1443 antiquitus
993 1403 1104 1434 hastae
1123 1399 1261 1440 suerint,
1275 1402 1479 1443 disquiritur.
1525 1417 1581 1449 73.

279 1462 312 1506 5.
336 1468 372 1500 5.
418 1458 558 1498 Quoties
580 1459 714 1498 publico
738 1467 870 1489 munere
895 1456 1039 1489 functuri
1062 1466 1182 1498 erant,
1203 1466 1336 1499 sceptro
1365 1463 1499 1502 conspi-

248 1516 302 1547 cui
324 1514 544 1546 incedebant:
568 1523 605 1546 υτ.
629 1516 661 1546 in
682 1514 862 1553 concione,
887 1514 917 1544 in
938 1513 1046 1545 bellis.
1138 1534 1150 1547 0
1242 1536 1255 1548 .
1349 1538 1359 1549 .
1446 1540 1456 1551 .
1522 1529 1579 1561 74.

280 1572 310 1616 5.
333 1569 368 1602 6.
415 1571 452 1601 In
469 1568 539 1608 jure
562 1571 748 1602 exercendo
773 1569 859 1601 idem
879 1568 1030 1608 publicae
1054 1570 1261 1604 auctoritatis
1280 1572 1406 1616 insigne
1423 1586 1491 1608 ma-

248 1628 344 1658 nibus
367 1625 537 1666 gerebant.
633 1643 646 1656 .
735 1646 745 1656 .
834 1642 846 1655 ·
937 1643 948 1655 ·
1039 1643 1052 1657 .
1138 1646 1150 1657 -
1239 1648 1250 1659 .
1340 1649 1354 1661 .
1444 1652 1455 1663 .
1518 1642 1574 1675 75.

264 1683 310 1728 5
334 1690 367 1721 7.
416 1681 544 1721 Regum
575 1677 716 1709 vestitus
749 1686 766 1708 a
799 1686 984 1710 ceterorum
1012 1678 1162 1712 vestibus
1197 1689 1310 1721 parum
1346 1684 1497 1719 diversus

244 1738 330 1771 fuit:
360 1737 470 1780 φᾶρος
491 1733 692 1778 principibus
721 1733 887 1772 propriam
912 1742 1039 1767 vestem
1066 1733 1187 1776 fuisse,
1211 1745 1288 1769 sunt
1313 1740 1370 1779 qui
1392 1740 1490 1773 adfir-

246 1800 351 1826 ment·
428 1813 441 1825 ο
533 1812 545 1824 ο
637 1813 648 1824 ο
736 1811 747 1822 ο
837 1800 850 1821 ὃ
942 1811 953 1822 ο
1039 1811 1051 1822 ·
1139 1809 1152 1824 ⁸
1341 1817 1355 1829 ο
1445 1817 1457 1829 ο
1521 1807 1575 1841 75.

164 1849 271 1889 Caput
293 1849 340 1880 V.
386 1848 437 1879 De
462 1845 617 1877 ministris
643 1843 757 1885 regiis.

280 1905 311 1949 §-
339 1914 369 1936 1.
416 1905 529 1943 Reges
549 1901 634 1932 haud
655 1908 773 1941 niagno
793 1899 947 1932 satellitio
971 1900 1094 1940 stipato
1115 1909 1218 1934 erant.
1257 1905 1294 1935 In
1316 1903 1404 1937 bello
1424 1907 1494 1948 regi

244 1968 279 1992 et
303 1959 477 1998 unicuique
501 1957 569 1989 fere
595 1957 735 1997 principi
768 1958 885 1989 adsunt
906 1956 1160 2001 θεράποντες,
1185 1960 1241 1998 qui
1267 1959 1355 1991 varia
1379 1964 1492 1999 amicis

248 2014 380 2049 officiae
400 2020 579 2054 praestant.

281 2072 312 2116 ἓ.
336 2081 369 2103 2.
422 2070 489 2111 Qui
513 2070 662 2102 differant
691 2070 845 2116 κήρυκες
872 2078 906 2107 et
932 2072 1177 2118 θεράποντες.
1233 2071 1436 2106 Praeconum
1462 2075 1495 2107 in

248 2125 461 2160 concionibus
485 2135 630 2158 munera.
731 2147 742 2159 .
832 2148 843 2160 .
935 2148 947 2160 .
1034 2149 1045 2160 .
1132 2149 1144 2160 .
1237 2148 1248 2160 .
1341 2148 1351 2161 ι
1443 2151 1455 2163 .
1520 2132 1578 2174 76.

282 2182 310 2227 5·
335 2190 366 2219 3.
413 2179 528 2211 Nuntii
548 2190 679 2221 quoque
702 2182 878 2215 mittuntur
903 2183 1068 2228 κήρυκες.
1156 2204 1168 2216 .
1254 2204 1265 2216 .
1353 2204 1363 2216 .
1449 2207 1461 2220 .
1521 2197 1579 2229 77.

281 2239 312 2283 ἓ.
333 2248 368 2279 4.
415 2237 518 2268 Iidem
541 2237 630 2270 viros
657 2237 821 2276 principes
842 2247 999 2273 eorumve
1024 2240 1149 2280 legatos
1169 2239 1377 2275 comitantur.
1444 2265 1455 2275 .
1523 2253 1579 2285 77.

281 2295 312 2339 §-
337 2302 371 2333 5.
416 2292 600 2323 Praecones
623 2292 655 2323 in
678 2292 778 2323 sacris
804 2293 1004 2333 omninoque
1028 2295 1060 2326 in
1085 2297 1182 2328 rebus
1204 2297 1393 2329 solennibus
1419 2307 1494 2330 suas

247 2358 355 2391 partes
370 2357 483 2390 agunt.
529 2349 642 2387 ltaque
663 2346 844 2379 domestica
863 2356 897 2380 et
914 2350 1045 2389 publica
1069 2351 1181 2384 officia
1201 2353 1325 2385 obeunt
1339 2375 1353 2393 ,
1374 2353 1494 2393 quibus

250 2415 357 2438 tamen
384 2412 417 2437 et
443 2403 504 2442 ipsi
529 2404 691 2443 principes
714 2404 840 2443 saepius
860 2404 1049 2445 funguntur.
1100 2425 1112 2437 .
1445 2430 1459 2442 .
1522 2412 1578 2452 78,

168 2462 277 2502 Caput
300 2462 363 2493 VI.
409 2460 460 2491 De
482 2458 712 2491 concionibus.

281 2518 313 2562 §-
338 2526 369 2549 1.
414 2517 465 2548 De
491 2513 757 2555 necessitudine,
781 2525 864 2556 quae
891 2516 976 2548 inter
1002 2525 1111 2556 regern
1141 2525 1176 2550 et
1197 2517 1371 2562 γέροντας
1391 2519 1492 2554 inter·

250 2573 405 2606 cedebat:
430 2572 469 2604 de
492 2568 670 2614 γέροντοη
690 2572 895 2605 muneribusz
916 2574 954 2605 dc
978 2571 1097 2615 βουλῇ
1117 2581 1152 2607 et
1173 2574 1297 2618 ἀγορᾷ..
1339 2595 1351 2607 .
1442 2597 1458 2610 .
1520 2587 1575 2618 79.

1497 2632 1529 2671 S.
1549 2642 1582 2667 2.

1522 2031 1578 2070 75.
