<?xml version="1.0" encoding="UTF-8"?>
<!DOCTYPE html PUBLIC "-//W3C//DTD XHTML 1.0 Transitional//EN"
    "http://www.w3.org/TR/xhtml1/DTD/xhtml1-transitional.dtd">
<html xmlns="http://www.w3.org/1999/xhtml" xml:lang="en" lang="en">
 <head>
  <title>
</title>
<meta http-equiv="Content-Type" content="text/html;charset=utf-8" />
  <meta name='ocr-system' content='tesseract 3.04.00' />
  <meta name='ocr-capabilities' content='ocr_page ocr_carea ocr_par ocr_line ocrx_word'/>
</head>
<body>
  <div class='ocr_page' id='page_1' title='image "antiquitashomeri00terpuoft_0367.png"; bbox 0 0 1780 3120; ppageno 0'>
   <div class='ocr_carea' id='block_1_1' title="bbox 585 140 1583 198">
    <p class='ocr_par' dir='ltr' id='par_1_1' title="bbox 585 140 1583 198">
     <span class='ocr_line' id='line_1_1' title="bbox 585 140 1583 198; baseline 0.001 -1"><span class='ocrx_word' id='word_1_1' title='bbox 585 140 1161 197; x_wconf 85' lang='lat' dir='ltr'>HOMERICA.</span> <span class='ocrx_word' id='word_1_2' title='bbox 1489 147 1583 198; x_wconf 81' lang='lat'>323</span> 
     </span>
    </p>
   </div>
   <div class='ocr_carea' id='block_1_2' title="bbox 136 277 1579 2182">
    <p class='ocr_par' dir='ltr' id='par_1_2' title="bbox 159 277 1579 460">
     <span class='ocr_line' id='line_1_2' title="bbox 162 277 1579 346; baseline -0.002 -16"><span class='ocrx_word' id='word_1_3' title='bbox 162 282 229 330; x_wconf 83' lang='lat' dir='ltr'>les</span> <span class='ocrx_word' id='word_1_4' title='bbox 252 294 286 329; x_wconf 84' lang='lat'>1.</span> <span class='ocrx_word' id='word_1_5' title='bbox 352 279 512 346; x_wconf 85' lang='lat' dir='ltr'>Spatio</span> <span class='ocrx_word' id='word_1_6' title='bbox 545 287 699 328; x_wconf 82' lang='lat' dir='ltr'>autem</span> <span class='ocrx_word' id='word_1_7' title='bbox 740 280 865 326; x_wconf 85' lang='lat' dir='ltr'>inter</span> <span class='ocrx_word' id='word_1_8' title='bbox 901 278 1089 326; x_wconf 85' lang='lat' dir='ltr'>navium</span> <span class='ocrx_word' id='word_1_9' title='bbox 1129 277 1464 326; x_wconf 74' lang='lat' dir='ltr'>subducturum</span> <span class='ocrx_word' id='word_1_10' title='bbox 1505 298 1579 327; x_wconf 89' lang='lat' dir='ltr'>or-</span> 
     </span>
     <span class='ocr_line' id='line_1_3' title="bbox 159 343 1575 414; baseline -0.001 -20"><span class='ocrx_word' id='word_1_11' title='bbox 159 348 317 403; x_wconf 78' lang='lat' dir='ltr'>dines,</span> <span class='ocrx_word' id='word_1_12' title='bbox 353 363 467 414; x_wconf 85' lang='lat' dir='ltr'>quos</span> <span class='ocrx_word' id='word_1_13' title='bbox 505 345 737 404; x_wconf 80' lang='lat' dir='ltr'>diximus,</span> <span class='ocrx_word' id='word_1_14' title='bbox 782 345 936 391; x_wconf 82' lang='lat' dir='ltr'>medio</span> <span class='ocrx_word' id='word_1_15' title='bbox 979 343 1217 391; x_wconf 78' lang='lat' dir='ltr'>habebant</span> <span class='ocrx_word' id='word_1_16' title='bbox 1259 345 1426 393; x_wconf 86' lang='lat' dir='ltr'>Graeci</span> <span class='ocrx_word' id='word_1_17' title='bbox 1472 354 1575 393; x_wconf 79' lang='lat' dir='ltr'>ten-</span> 
     </span>
     <span class='ocr_line' id='line_1_4' title="bbox 160 414 344 460; baseline -0.005 0"><span class='ocrx_word' id='word_1_18' title='bbox 160 414 277 460; x_wconf 81' lang='lat' dir='ltr'>toria</span> <span class='ocrx_word' id='word_1_19' title='bbox 297 424 344 459; x_wconf 82' lang='lat'>²:</span> 
     </span>
    </p>

    <p class='ocr_par' dir='ltr' id='par_1_3' title="bbox 288 482 1311 541">
     <span class='ocr_line' id='line_1_5' title="bbox 288 482 1311 541; baseline -0.002 -16"><span class='ocrx_word' id='word_1_20' title='bbox 288 512 301 525; x_wconf 89' lang='lat'>.</span> <span class='ocrx_word' id='word_1_21' title='bbox 339 512 400 541; x_wconf 29' lang='lat'>0..</span> <span class='ocrx_word' id='word_1_22' title='bbox 437 514 449 525; x_wconf 92' lang='lat'>.</span> <span class='ocrx_word' id='word_1_23' title='bbox 486 515 496 525; x_wconf 94' lang='lat'>.</span> <span class='ocrx_word' id='word_1_24' title='bbox 535 493 696 527; x_wconf 62' lang='lat'>422.</span> <span class='ocrx_word' id='word_1_25' title='bbox 733 513 745 524; x_wconf 92' lang='lat'>.</span> <span class='ocrx_word' id='word_1_26' title='bbox 783 499 795 524; x_wconf 89' lang='grc'>.·</span> <span class='ocrx_word' id='word_1_27' title='bbox 833 513 848 526; x_wconf 89' lang='grc'><strong>.</strong></span> <span class='ocrx_word' id='word_1_28' title='bbox 884 483 1111 540; x_wconf 64' lang='lat' dir='ltr'>‚o’tyapn&#39;re</span> <span class='ocrx_word' id='word_1_29' title='bbox 1145 482 1311 539; x_wconf 78' lang='grc' dir='ltr'>Θέμιςτε</span> 
     </span>
    </p>

    <p class='ocr_par' dir='ltr' id='par_1_4' title="bbox 143 542 1579 1312">
     <span class='ocr_line' id='line_1_6' title="bbox 258 542 1327 606; baseline -0.001 -16"><span class='ocrx_word' id='word_1_30' title='bbox 258 543 389 602; x_wconf 53' lang='lat' dir='ltr'>&#39;&#39;H-sp),</span> <span class='ocrx_word' id='word_1_31' title='bbox 424 546 472 605; x_wconf 74' lang='grc' dir='ltr'>τῇ</span> <span class='ocrx_word' id='word_1_32' title='bbox 501 545 547 597; x_wconf 76' lang='grc' dir='ltr'>δὴ</span> <span class='ocrx_word' id='word_1_33' title='bbox 579 549 650 589; x_wconf 84' lang='grc' dir='ltr'><em>καί</em></span> <span class='ocrx_word' id='word_1_34' title='bbox 668 563 732 606; x_wconf 72' lang='grc' dir='ltr'>σφι</span> <span class='ocrx_word' id='word_1_35' title='bbox 762 547 852 589; x_wconf 77' lang='grc' dir='ltr'><em>θεῶν</em></span> <span class='ocrx_word' id='word_1_36' title='bbox 877 548 1092 604; x_wconf 71' lang='grc' dir='ltr'>ἐτετεύχατο</span> <span class='ocrx_word' id='word_1_37' title='bbox 1119 546 1262 604; x_wconf 78' lang='grc' dir='ltr'><em>βωμοί·</em></span> <span class='ocrx_word' id='word_1_38' title='bbox 1289 542 1327 589; x_wconf 76' lang='grc'>5.</span> 
     </span>
     <span class='ocr_line' id='line_1_7' title="bbox 154 607 1579 673; baseline -0.002 -17"><span class='ocrx_word' id='word_1_39' title='bbox 154 619 202 656; x_wconf 79' lang='lat' dir='ltr'>et</span> <span class='ocrx_word' id='word_1_40' title='bbox 233 613 364 656; x_wconf 59' lang='lat' dir='ltr'>mnae</span> <span class='ocrx_word' id='word_1_41' title='bbox 397 614 470 655; x_wconf 65' lang='grc' dir='ltr'>ἀνα</span> <span class='ocrx_word' id='word_1_42' title='bbox 499 615 657 673; x_wconf 68' lang='grc' dir='ltr'>στρατέν</span> <span class='ocrx_word' id='word_1_43' title='bbox 680 614 748 654; x_wconf 77' lang='grc' dir='ltr'><em>εἶσι</em></span> <span class='ocrx_word' id='word_1_44' title='bbox 778 612 935 655; x_wconf 64' lang='grc' dir='ltr'><em>κέλευθα</em></span> <span class='ocrx_word' id='word_1_45' title='bbox 956 609 995 655; x_wconf 88' lang='lat'>4.</span> <span class='ocrx_word' id='word_1_46' title='bbox 1062 609 1193 667; x_wconf 82' lang='lat' dir='ltr'>Quae</span> <span class='ocrx_word' id='word_1_47' title='bbox 1221 624 1359 654; x_wconf 85' lang='lat' dir='ltr'>naves</span> <span class='ocrx_word' id='word_1_48' title='bbox 1395 608 1458 655; x_wconf 85' lang='lat' dir='ltr'>ita</span> <span class='ocrx_word' id='word_1_49' title='bbox 1487 607 1579 654; x_wconf 83' lang='lat' dir='ltr'>dis-</span> 
     </span>
     <span class='ocr_line' id='line_1_8' title="bbox 151 671 1572 740; baseline 0 -20"><span class='ocrx_word' id='word_1_50' title='bbox 151 675 328 740; x_wconf 76' lang='lat' dir='ltr'>positae</span> <span class='ocrx_word' id='word_1_51' title='bbox 348 712 360 731; x_wconf 83' lang='lat'>,</span> <span class='ocrx_word' id='word_1_52' title='bbox 395 672 524 720; x_wconf 85' lang='lat' dir='ltr'>nulla</span> <span class='ocrx_word' id='word_1_53' title='bbox 545 711 558 731; x_wconf 77' lang='lat'><em>‚</em></span> <span class='ocrx_word' id='word_1_54' title='bbox 591 671 709 720; x_wconf 89' lang='lat' dir='ltr'>belli</span> <span class='ocrx_word' id='word_1_55' title='bbox 733 672 894 719; x_wconf 82' lang='lat' dir='ltr'>saltem</span> <span class='ocrx_word' id='word_1_56' title='bbox 924 674 1082 731; x_wconf 85' lang='lat' dir='ltr'>initio,</span> <span class='ocrx_word' id='word_1_57' title='bbox 1118 673 1380 720; x_wconf 87' lang='lat' dir='ltr'>munitione</span> <span class='ocrx_word' id='word_1_58' title='bbox 1412 684 1572 721; x_wconf 82' lang='lat' dir='ltr'>contra</span> 
     </span>
     <span class='ocr_line' id='line_1_9' title="bbox 152 739 1577 804; baseline -0.002 -17"><span class='ocrx_word' id='word_1_59' title='bbox 152 742 197 788; x_wconf 92' lang='grc' dir='ltr'>Τ</span> <span class='ocrx_word' id='word_1_60' title='bbox 200 743 388 804; x_wconf 83' lang='lat' dir='ltr'>rojanos</span> <span class='ocrx_word' id='word_1_61' title='bbox 423 739 631 786; x_wconf 85' lang='lat' dir='ltr'>munitae</span> <span class='ocrx_word' id='word_1_62' title='bbox 675 739 863 785; x_wconf 86' lang='lat' dir='ltr'>Graecis</span> <span class='ocrx_word' id='word_1_63' title='bbox 894 755 979 802; x_wconf 89' lang='lat' dir='ltr'>pro</span> <span class='ocrx_word' id='word_1_64' title='bbox 1011 740 1171 786; x_wconf 87' lang='lat' dir='ltr'>castris</span> <span class='ocrx_word' id='word_1_65' title='bbox 1214 740 1419 787; x_wconf 84' lang='lat' dir='ltr'>fuerunt.</span> <span class='ocrx_word' id='word_1_66' title='bbox 1482 740 1577 788; x_wconf 84' lang='lat' dir='ltr'>Ne-</span> 
     </span>
     <span class='ocr_line' id='line_1_10' title="bbox 153 803 1571 871; baseline -0.001 -20"><span class='ocrx_word' id='word_1_67' title='bbox 153 822 245 871; x_wconf 87' lang='lat' dir='ltr'>que</span> <span class='ocrx_word' id='word_1_68' title='bbox 278 814 405 862; x_wconf 83' lang='lat' dir='ltr'>erat‚</span> <span class='ocrx_word' id='word_1_69' title='bbox 441 820 525 851; x_wconf 92' lang='lat' dir='ltr'>cur</span> <span class='ocrx_word' id='word_1_70' title='bbox 549 803 818 849; x_wconf 81' lang='lat' dir='ltr'>munirent:</span> <span class='ocrx_word' id='word_1_71' title='bbox 854 804 1060 868; x_wconf 86' lang='lat' dir='ltr'>primum</span> <span class='ocrx_word' id='word_1_72' title='bbox 1091 805 1219 851; x_wconf 87' lang='lat' dir='ltr'>enim</span> <span class='ocrx_word' id='word_1_73' title='bbox 1249 803 1496 852; x_wconf 86' lang='lat' dir='ltr'>moenibus</span> <span class='ocrx_word' id='word_1_74' title='bbox 1524 821 1571 850; x_wconf 84' lang='lat' dir='ltr'>se</span> 
     </span>
     <span class='ocr_line' id='line_1_11' title="bbox 149 866 1569 935; baseline -0.001 -17"><span class='ocrx_word' id='word_1_75' title='bbox 149 873 244 918; x_wconf 86' lang='lat' dir='ltr'>suis</span> <span class='ocrx_word' id='word_1_76' title='bbox 298 871 394 919; x_wconf 82' lang='lat' dir='ltr'>fere</span> <span class='ocrx_word' id='word_1_77' title='bbox 434 866 738 915; x_wconf 82' lang='lat' dir='ltr'>continebant</span> <span class='ocrx_word' id='word_1_78' title='bbox 793 869 961 932; x_wconf 67' lang='lat' dir='ltr'>Troiae</span> <span class='ocrx_word' id='word_1_79' title='bbox 1017 879 1385 935; x_wconf 81' lang='lat' dir='ltr'>propugnatores</span> <span class='ocrx_word' id='word_1_80' title='bbox 1416 907 1428 928; x_wconf 89' lang='lat'><em>‚</em></span> <span class='ocrx_word' id='word_1_81' title='bbox 1481 888 1569 917; x_wconf 75' lang='lat' dir='ltr'>nec</span> 
     </span>
     <span class='ocr_line' id='line_1_12' title="bbox 147 932 1574 1001; baseline 0 -19"><span class='ocrx_word' id='word_1_82' title='bbox 147 936 315 1001; x_wconf 80' lang='lat' dir='ltr'><strong>egressi</strong></span> <span class='ocrx_word' id='word_1_83' title='bbox 342 953 368 982; x_wconf 86' lang='lat' dir='ltr'>a</span> <span class='ocrx_word' id='word_1_84' title='bbox 392 933 639 980; x_wconf 89' lang='lat' dir='ltr'>moenibus</span> <span class='ocrx_word' id='word_1_85' title='bbox 662 932 798 997; x_wconf 84' lang='lat' dir='ltr'>longe</span> <span class='ocrx_word' id='word_1_86' title='bbox 825 934 1013 998; x_wconf 86' lang='lat' dir='ltr'>prodire</span> <span class='ocrx_word' id='word_1_87' title='bbox 1045 935 1306 982; x_wconf 78' lang='lat' dir='ltr'>audebant:</span> <span class='ocrx_word' id='word_1_88' title='bbox 1347 935 1574 1000; x_wconf 76' lang='lat' dir='ltr'>deinceps</span> 
     </span>
     <span class='ocr_line' id='line_1_13' title="bbox 148 998 1572 1065; baseline 0 -17"><span class='ocrx_word' id='word_1_89' title='bbox 148 1017 288 1057; x_wconf 86' lang='lat' dir='ltr'>ver0‚</span> <span class='ocrx_word' id='word_1_90' title='bbox 326 1017 432 1047; x_wconf 89' lang='lat' dir='ltr'>cum</span> <span class='ocrx_word' id='word_1_91' title='bbox 461 999 680 1047; x_wconf 85' lang='lat' dir='ltr'>audacius</span> <span class='ocrx_word' id='word_1_92' title='bbox 718 999 767 1045; x_wconf 88' lang='lat' dir='ltr'>in</span> <span class='ocrx_word' id='word_1_93' title='bbox 812 998 968 1047; x_wconf 89' lang='lat' dir='ltr'>hostes</span> <span class='ocrx_word' id='word_1_94' title='bbox 1015 1002 1274 1060; x_wconf 83' lang='lat' dir='ltr'>irruerent,</span> <span class='ocrx_word' id='word_1_95' title='bbox 1308 1002 1572 1065; x_wconf 79' lang='lat' dir='ltr'>profligatos</span> 
     </span>
     <span class='ocr_line' id='line_1_14' title="bbox 148 1064 1571 1131; baseline 0 -17"><span class='ocrx_word' id='word_1_96' title='bbox 148 1068 201 1114; x_wconf 87' lang='lat' dir='ltr'>in</span> <span class='ocrx_word' id='word_1_97' title='bbox 231 1067 385 1130; x_wconf 86' lang='lat' dir='ltr'>fugam</span> <span class='ocrx_word' id='word_1_98' title='bbox 419 1064 736 1131; x_wconf 84' lang='lat' dir='ltr'>conjicerent,</span> <span class='ocrx_word' id='word_1_99' title='bbox 773 1065 820 1110; x_wconf 89' lang='lat' dir='ltr'>in</span> <span class='ocrx_word' id='word_1_100' title='bbox 848 1066 968 1128; x_wconf 86' lang='lat' dir='ltr'>ipsas</span> <span class='ocrx_word' id='word_1_101' title='bbox 1000 1066 1286 1113; x_wconf 88' lang='lat' dir='ltr'>Graecorum</span> <span class='ocrx_word' id='word_1_102' title='bbox 1315 1084 1458 1114; x_wconf 88' lang='lat' dir='ltr'>naves</span> <span class='ocrx_word' id='word_1_103' title='bbox 1490 1085 1571 1114; x_wconf 81' lang='lat' dir='ltr'>ex-</span> 
     </span>
     <span class='ocr_line' id='line_1_15' title="bbox 147 1129 1569 1197; baseline -0.001 -17"><span class='ocrx_word' id='word_1_104' title='bbox 147 1139 412 1188; x_wconf 85' lang='lat' dir='ltr'>currerent,</span> <span class='ocrx_word' id='word_1_105' title='bbox 435 1130 555 1176; x_wconf 87' lang='lat' dir='ltr'>intra</span> <span class='ocrx_word' id='word_1_106' title='bbox 576 1129 763 1176; x_wconf 84' lang='lat' dir='ltr'>navium</span> <span class='ocrx_word' id='word_1_107' title='bbox 782 1129 970 1178; x_wconf 87' lang='lat' dir='ltr'>ordines</span> <span class='ocrx_word' id='word_1_108' title='bbox 990 1147 1038 1176; x_wconf 90' lang='lat' dir='ltr'>se</span> <span class='ocrx_word' id='word_1_109' title='bbox 1063 1131 1355 1197; x_wconf 87' lang='lat' dir='ltr'>recipiebant</span> <span class='ocrx_word' id='word_1_110' title='bbox 1378 1133 1569 1191; x_wconf 85' lang='lat' dir='ltr'>Achaei,</span> 
     </span>
     <span class='ocr_line' id='line_1_16' title="bbox 147 1193 1562 1263; baseline 0.001 -20"><span class='ocrx_word' id='word_1_111' title='bbox 147 1213 344 1263; x_wconf 86' lang='lat' dir='ltr'>quarum</span> <span class='ocrx_word' id='word_1_112' title='bbox 395 1193 627 1260; x_wconf 82' lang='lat' dir='ltr'>praesidio</span> <span class='ocrx_word' id='word_1_113' title='bbox 683 1196 1068 1262; x_wconf 82' lang='lat' dir='ltr'>persequentibus</span> <span class='ocrx_word' id='word_1_114' title='bbox 1122 1198 1406 1246; x_wconf 84' lang='lat' dir='ltr'>resisterent.</span> <span class='ocrx_word' id='word_1_115' title='bbox 1490 1200 1562 1245; x_wconf 89' lang='lat' dir='ltr'>De</span> 
     </span>
     <span class='ocr_line' id='line_1_17' title="bbox 143 1260 778 1312; baseline -0.005 -1"><span class='ocrx_word' id='word_1_116' title='bbox 143 1263 334 1311; x_wconf 86' lang='lat' dir='ltr'>Achivis</span> <span class='ocrx_word' id='word_1_117' title='bbox 367 1277 409 1309; x_wconf 85' lang='lat' dir='ltr'>v.</span> <span class='ocrx_word' id='word_1_118' title='bbox 444 1277 488 1312; x_wconf 89' lang='lat' dir='ltr'>c.</span> <span class='ocrx_word' id='word_1_119' title='bbox 517 1260 778 1308; x_wconf 88' lang='lat' dir='ltr'>Homerus:</span> 
     </span>
    </p>

    <p class='ocr_par' dir='ltr' id='par_1_5' title="bbox 276 1328 1287 1391">
     <span class='ocr_line' id='line_1_18' title="bbox 276 1328 1287 1391; baseline 0 -17"><span class='ocrx_word' id='word_1_120' title='bbox 276 1361 640 1377; x_wconf 87' lang='grc'><strong>........</strong></span> <span class='ocrx_word' id='word_1_121' title='bbox 675 1330 782 1388; x_wconf 80' lang='grc' dir='ltr'><em>μάλα</em></span> <span class='ocrx_word' id='word_1_122' title='bbox 803 1328 966 1374; x_wconf 62' lang='grc' dir='ltr'><em>δείδισαν</em></span> <span class='ocrx_word' id='word_1_123' title='bbox 986 1331 1162 1391; x_wconf 63' lang='lat' dir='ltr'>“Europa</span> <span class='ocrx_word' id='word_1_124' title='bbox 1185 1329 1287 1374; x_wconf 73' lang='grc' dir='ltr'><em>δῖον·</em></span> 
     </span>
    </p>

    <p class='ocr_par' dir='ltr' id='par_1_6' title="bbox 275 1390 1320 1457">
     <span class='ocr_line' id='line_1_19' title="bbox 275 1390 1320 1457; baseline 0.001 -18"><span class='ocrx_word' id='word_1_125' title='bbox 275 1397 441 1439; x_wconf 56' lang='lat' dir='ltr'>Eia-mm?</span> <span class='ocrx_word' id='word_1_126' title='bbox 467 1390 505 1438; x_wconf 66' lang='grc' dir='ltr'>δ’</span> <span class='ocrx_word' id='word_1_127' title='bbox 529 1397 684 1455; x_wconf 70' lang='grc' dir='ltr'>ἐγένεντο</span> <span class='ocrx_word' id='word_1_128' title='bbox 707 1405 795 1439; x_wconf 74' lang='grc' dir='ltr'><strong>νεῶν</strong></span> <span class='ocrx_word' id='word_1_129' title='bbox 813 1431 825 1452; x_wconf 82' lang='lat'>,</span> <span class='ocrx_word' id='word_1_130' title='bbox 859 1398 944 1457; x_wconf 68' lang='grc' dir='ltr'>περὶ</span> <span class='ocrx_word' id='word_1_131' title='bbox 972 1392 1178 1455; x_wconf 70' lang='grc' dir='ltr'>δ’ἕσχεθεν</span> <span class='ocrx_word' id='word_1_132' title='bbox 1204 1395 1320 1456; x_wconf 75' lang='grc' dir='ltr'><em>ἄκραι</em></span> 
     </span>
    </p>

    <p class='ocr_par' dir='ltr' id='par_1_7' title="bbox 136 1456 1564 1848">
     <span class='ocr_line' id='line_1_20' title="bbox 272 1456 1286 1520; baseline 0.002 -16"><span class='ocrx_word' id='word_1_133' title='bbox 272 1462 403 1516; x_wconf 79' lang='grc' dir='ltr'><em>Νῆες,</em></span> <span class='ocrx_word' id='word_1_134' title='bbox 435 1459 520 1504; x_wconf 70' lang='grc' dir='ltr'><em>’ἆσαι</em></span> <span class='ocrx_word' id='word_1_135' title='bbox 552 1469 697 1518; x_wconf 73' lang='grc' dir='ltr'><em>πρῶται</em></span> <span class='ocrx_word' id='word_1_136' title='bbox 726 1463 894 1520; x_wconf 72' lang='grc' dir='ltr'><em>εἰρύατο·</em></span> <span class='ocrx_word' id='word_1_137' title='bbox 932 1464 986 1505; x_wconf 72' lang='grc' dir='ltr'>τοὶ</span> <span class='ocrx_word' id='word_1_138' title='bbox 1008 1456 1046 1506; x_wconf 68' lang='grc' dir='ltr'>δ’</span> <span class='ocrx_word' id='word_1_139' title='bbox 1069 1467 1240 1519; x_wconf 66' lang='grc' dir='ltr'>ἐπέχοντα</span> <span class='ocrx_word' id='word_1_140' title='bbox 1261 1459 1286 1493; x_wconf 81' lang='lat'><em>5</em></span> 
     </span>
     <span class='ocr_line' id='line_1_21' title="bbox 142 1522 1564 1573; baseline 0.003 -4"><span class='ocrx_word' id='word_1_141' title='bbox 142 1522 268 1570; x_wconf 90' lang='lat' dir='ltr'>Tum</span> <span class='ocrx_word' id='word_1_142' title='bbox 296 1522 486 1569; x_wconf 85' lang='lat' dir='ltr'>demum</span> <span class='ocrx_word' id='word_1_143' title='bbox 514 1531 690 1570; x_wconf 88' lang='lat' dir='ltr'>ceteros</span> <span class='ocrx_word' id='word_1_144' title='bbox 711 1524 930 1571; x_wconf 84' lang='lat' dir='ltr'>Graeciae</span> <span class='ocrx_word' id='word_1_145' title='bbox 953 1523 1100 1571; x_wconf 90' lang='lat' dir='ltr'>duces</span> <span class='ocrx_word' id='word_1_146' title='bbox 1121 1523 1180 1571; x_wconf 90' lang='lat' dir='ltr'>de</span> <span class='ocrx_word' id='word_1_147' title='bbox 1207 1523 1366 1571; x_wconf 87' lang='lat' dir='ltr'>castris</span> <span class='ocrx_word' id='word_1_148' title='bbox 1392 1524 1564 1573; x_wconf 85' lang='lat' dir='ltr'>facien-</span> 
     </span>
     <span class='ocr_line' id='line_1_22' title="bbox 138 1587 1562 1652; baseline 0.003 -18"><span class='ocrx_word' id='word_1_149' title='bbox 138 1587 210 1635; x_wconf 89' lang='lat' dir='ltr'>dis</span> <span class='ocrx_word' id='word_1_150' title='bbox 238 1589 417 1635; x_wconf 85' lang='lat' dir='ltr'>monuit</span> <span class='ocrx_word' id='word_1_151' title='bbox 438 1588 632 1651; x_wconf 63' lang='lat' dir='ltr'>Nestor.</span> <span class='ocrx_word' id='word_1_152' title='bbox 695 1588 836 1652; x_wconf 72' lang='lat' dir='ltr'>Cujus</span> <span class='ocrx_word' id='word_1_153' title='bbox 863 1589 1052 1636; x_wconf 84' lang='lat' dir='ltr'>monitis</span> <span class='ocrx_word' id='word_1_154' title='bbox 1073 1588 1282 1637; x_wconf 89' lang='lat' dir='ltr'>obsecuti</span> <span class='ocrx_word' id='word_1_155' title='bbox 1313 1588 1462 1649; x_wconf 73' lang='lat' dir='ltr'>vanc,</span> <span class='ocrx_word' id='word_1_156' title='bbox 1486 1590 1562 1638; x_wconf 89' lang='lat' dir='ltr'>cui</span> 
     </span>
     <span class='ocr_line' id='line_1_23' title="bbox 136 1652 1560 1719; baseline 0.004 -21"><span class='ocrx_word' id='word_1_157' title='bbox 136 1663 292 1719; x_wconf 85' lang='lat' dir='ltr'>portas</span> <span class='ocrx_word' id='word_1_158' title='bbox 316 1652 582 1701; x_wconf 80' lang='lat' dir='ltr'>inserebant</span> <span class='ocrx_word' id='word_1_159' title='bbox 615 1653 635 1687; x_wconf 83' lang='lat'><strong>6</strong></span> <span class='ocrx_word' id='word_1_160' title='bbox 654 1691 665 1712; x_wconf 85' lang='lat'>,</span> <span class='ocrx_word' id='word_1_161' title='bbox 702 1671 840 1700; x_wconf 84' lang='lat' dir='ltr'>naves</span> <span class='ocrx_word' id='word_1_162' title='bbox 870 1655 1170 1714; x_wconf 87' lang='lat' dir='ltr'>munierunt,</span> <span class='ocrx_word' id='word_1_163' title='bbox 1205 1656 1322 1702; x_wconf 89' lang='lat' dir='ltr'>fossa</span> <span class='ocrx_word' id='word_1_164' title='bbox 1347 1667 1368 1701; x_wconf 91' lang='grc'>7</span> <span class='ocrx_word' id='word_1_165' title='bbox 1422 1656 1560 1703; x_wconf 87' lang='lat' dir='ltr'>simul</span> 
     </span>
     <span class='ocr_line' id='line_1_24' title="bbox 137 1717 1563 1783; baseline 0.003 -17"><span class='ocrx_word' id='word_1_166' title='bbox 137 1722 283 1777; x_wconf 78' lang='lat' dir='ltr'>facta,</span> <span class='ocrx_word' id='word_1_167' title='bbox 329 1736 445 1783; x_wconf 86' lang='lat' dir='ltr'>quae</span> <span class='ocrx_word' id='word_1_168' title='bbox 486 1717 658 1766; x_wconf 84' lang='lat' dir='ltr'>vallum</span> <span class='ocrx_word' id='word_1_169' title='bbox 689 1719 909 1781; x_wconf 73' lang='lat' dir='ltr'>cingeret.</span> <span class='ocrx_word' id='word_1_170' title='bbox 975 1721 1048 1768; x_wconf 88' lang='lat' dir='ltr'>Ita</span> <span class='ocrx_word' id='word_1_171' title='bbox 1085 1722 1209 1768; x_wconf 78' lang='lat' dir='ltr'>enim</span> <span class='ocrx_word' id='word_1_172' title='bbox 1240 1720 1383 1769; x_wconf 85' lang='lat' dir='ltr'>duces</span> <span class='ocrx_word' id='word_1_173' title='bbox 1409 1721 1563 1770; x_wconf 80' lang='lat' dir='ltr'>horta-</span> 
     </span>
     <span class='ocr_line' id='line_1_25' title="bbox 137 1782 913 1848; baseline 0 -16"><span class='ocrx_word' id='word_1_174' title='bbox 137 1794 213 1832; x_wconf 86' lang='lat' dir='ltr'>tus</span> <span class='ocrx_word' id='word_1_175' title='bbox 248 1793 348 1833; x_wconf 86' lang='lat' dir='ltr'>erat</span> <span class='ocrx_word' id='word_1_176' title='bbox 376 1782 481 1848; x_wconf 85' lang='lat' dir='ltr'>Pyli</span> <span class='ocrx_word' id='word_1_177' title='bbox 509 1793 662 1830; x_wconf 87' lang='lat' dir='ltr'>orator</span> <span class='ocrx_word' id='word_1_178' title='bbox 692 1784 913 1832; x_wconf 85' lang='lat' dir='ltr'>eximius:</span> 
     </span>
    </p>

    <p class='ocr_par' dir='ltr' id='par_1_8' title="bbox 277 1850 1243 1921">
     <span class='ocr_line' id='line_1_26' title="bbox 277 1850 1243 1921; baseline -0.001 -22"><span class='ocrx_word' id='word_1_179' title='bbox 277 1882 682 1899; x_wconf 84' lang='grc'><strong>.........</strong></span> <span class='ocrx_word' id='word_1_180' title='bbox 703 1885 732 1921; x_wconf 31' lang='grc' dir='ltr'>ν.</span> <span class='ocrx_word' id='word_1_181' title='bbox 772 1885 783 1896; x_wconf 89' lang='grc'><strong>.</strong></span> <span class='ocrx_word' id='word_1_182' title='bbox 819 1886 832 1898; x_wconf 89' lang='grc'><strong>.</strong></span> <span class='ocrx_word' id='word_1_183' title='bbox 869 1889 880 1899; x_wconf 94' lang='grc'><strong>.</strong></span> <span class='ocrx_word' id='word_1_184' title='bbox 917 1887 928 1899; x_wconf 89' lang='grc'><strong>.</strong></span> <span class='ocrx_word' id='word_1_185' title='bbox 961 1853 1134 1914; x_wconf 59' lang='grc' dir='ltr'>ὂεεμσμεν</span> <span class='ocrx_word' id='word_1_186' title='bbox 1161 1850 1243 1898; x_wconf 75' lang='grc' dir='ltr'><em>ὦκα</em></span> 
     </span>
    </p>

    <p class='ocr_par' dir='ltr' id='par_1_9' title="bbox 273 1919 1248 1979">
     <span class='ocr_line' id='line_1_27' title="bbox 273 1919 1248 1979; baseline 0.002 -16"><span class='ocrx_word' id='word_1_187' title='bbox 273 1922 443 1979; x_wconf 67' lang='grc' dir='ltr'><em>Πύργευς</em></span> <span class='ocrx_word' id='word_1_188' title='bbox 468 1919 647 1976; x_wconf 59' lang='grc' dir='ltr'>ὑψηλοὺς,</span> <span class='ocrx_word' id='word_1_189' title='bbox 683 1920 792 1979; x_wconf 68' lang='grc' dir='ltr'><em>εἶλαρ</em></span> <span class='ocrx_word' id='word_1_190' title='bbox 825 1928 921 1969; x_wconf 74' lang='grc' dir='ltr'>νηῶν</span> <span class='ocrx_word' id='word_1_191' title='bbox 947 1937 987 1964; x_wconf 82' lang='grc' dir='ltr'>τε</span> <span class='ocrx_word' id='word_1_192' title='bbox 1012 1924 1075 1965; x_wconf 74' lang='grc' dir='ltr'>καὶ</span> <span class='ocrx_word' id='word_1_193' title='bbox 1099 1921 1248 1965; x_wconf 55' lang='grc' dir='ltr'>αὐτῶνθ,</span> 
     </span>
    </p>

    <p class='ocr_par' dir='ltr' id='par_1_10' title="bbox 263 1979 1252 2048">
     <span class='ocr_line' id='line_1_28' title="bbox 263 1979 1252 2048; baseline 0 -19"><span class='ocrx_word' id='word_1_194' title='bbox 263 1981 331 2029; x_wconf 80' lang='grc' dir='ltr'>Ἐν</span> <span class='ocrx_word' id='word_1_195' title='bbox 358 1980 397 2029; x_wconf 72' lang='grc' dir='ltr'>δ’</span> <span class='ocrx_word' id='word_1_196' title='bbox 425 1984 564 2027; x_wconf 71' lang='grc' dir='ltr'><em>αὑτοῖσι</em></span> <span class='ocrx_word' id='word_1_197' title='bbox 597 1984 714 2034; x_wconf 75' lang='grc' dir='ltr'><em>πύλας</em></span> <span class='ocrx_word' id='word_1_198' title='bbox 746 1990 941 2044; x_wconf 48' lang='lat' dir='ltr'>‘troz-siem&amp;</span> <span class='ocrx_word' id='word_1_199' title='bbox 978 1979 1018 2029; x_wconf 67' lang='grc' dir='ltr'>εὖ</span> <span class='ocrx_word' id='word_1_200' title='bbox 1041 1990 1222 2048; x_wconf 73' lang='grc' dir='ltr'>ἀραρυίας</span> <span class='ocrx_word' id='word_1_201' title='bbox 1239 2019 1252 2041; x_wconf 84' lang='grc'>,</span> 
     </span>
    </p>

    <p class='ocr_par' dir='ltr' id='par_1_11' title="bbox 249 2043 1089 2112">
     <span class='ocr_line' id='line_1_29' title="bbox 249 2043 1089 2112; baseline 0 -18"><span class='ocrx_word' id='word_1_202' title='bbox 249 2046 393 2112; x_wconf 70' lang='grc' dir='ltr'><em>”Οφρα</em></span> <span class='ocrx_word' id='word_1_203' title='bbox 420 2043 467 2092; x_wconf 73' lang='grc' dir='ltr'>δι’</span> <span class='ocrx_word' id='word_1_204' title='bbox 488 2049 634 2093; x_wconf 68' lang='grc' dir='ltr'><em>αὐτάων</em></span> <span class='ocrx_word' id='word_1_205' title='bbox 662 2050 868 2101; x_wconf 74' lang='grc' dir='ltr'><em>ἱππηλασίη</em></span> <span class='ocrx_word' id='word_1_206' title='bbox 899 2050 975 2102; x_wconf 57' lang='lat'>5333</span> <span class='ocrx_word' id='word_1_207' title='bbox 1007 2056 1061 2104; x_wconf 82' lang='grc' dir='ltr'>εἴη</span> <span class='ocrx_word' id='word_1_208' title='bbox 1078 2066 1089 2077; x_wconf 88' lang='grc'><em>·</em></span> 
     </span>
    </p>

    <p class='ocr_par' dir='ltr' id='par_1_12' title="bbox 248 2113 1260 2182">
     <span class='ocr_line' id='line_1_30' title="bbox 248 2113 1260 2182; baseline 0 -20"><span class='ocrx_word' id='word_1_209' title='bbox 248 2113 462 2162; x_wconf 69' lang='grc' dir='ltr'>Ἔκτπθεν</span> <span class='ocrx_word' id='word_1_210' title='bbox 487 2114 527 2159; x_wconf 73' lang='grc' dir='ltr'>δὲ</span> <span class='ocrx_word' id='word_1_211' title='bbox 554 2115 713 2171; x_wconf 74' lang='grc' dir='ltr'><em>βαθεῖαν</em></span> <span class='ocrx_word' id='word_1_212' title='bbox 739 2115 912 2177; x_wconf 67' lang='grc' dir='ltr'>ὀρύξομεν</span> <span class='ocrx_word' id='word_1_213' title='bbox 939 2119 1062 2178; x_wconf 65' lang='grc' dir='ltr'><em>ἐγγύθι</em></span> <span class='ocrx_word' id='word_1_214' title='bbox 1092 2122 1228 2182; x_wconf 62' lang='grc' dir='ltr'>τάφρον</span> <span class='ocrx_word' id='word_1_215' title='bbox 1242 2138 1260 2175; x_wconf 83' lang='grc'>,-</span> 
     </span>
    </p>
   </div>
   <div class='ocr_carea' id='block_1_3' title="bbox 1491 2184 1552 2232">
    <p class='ocr_par' dir='ltr' id='par_1_13' title="bbox 1491 2184 1552 2232">
     <span class='ocr_line' id='line_1_31' title="bbox 1491 2184 1552 2232; baseline 0 0"><span class='ocrx_word' id='word_1_216' title='bbox 1491 2184 1552 2232; x_wconf 91' lang='grc' dir='ltr'><strong><em>Ἤ</em></strong></span> 
     </span>
    </p>
   </div>
   <div class='ocr_carea' id='block_1_4' title="bbox 122 2315 1544 2694">
    <p class='ocr_par' dir='ltr' id='par_1_14' title="bbox 122 2315 1544 2694">
     <span class='ocr_line' id='line_1_32' title="bbox 171 2315 1541 2365; baseline 0.001 -12"><span class='ocrx_word' id='word_1_217' title='bbox 171 2316 211 2362; x_wconf 81' lang='grc' dir='ltr'>ι’)</span> <span class='ocrx_word' id='word_1_218' title='bbox 233 2317 287 2351; x_wconf 91' lang='lat' dir='ltr'>De</span> <span class='ocrx_word' id='word_1_219' title='bbox 304 2315 403 2361; x_wconf 87' lang='lat' dir='ltr'>loco,</span> <span class='ocrx_word' id='word_1_220' title='bbox 426 2328 491 2361; x_wconf 89' lang='lat' dir='ltr'>quo</span> <span class='ocrx_word' id='word_1_221' title='bbox 506 2315 614 2352; x_wconf 78' lang='lat' dir='ltr'>ceteri</span> <span class='ocrx_word' id='word_1_222' title='bbox 640 2316 741 2351; x_wconf 85' lang='lat' dir='ltr'>duces</span> <span class='ocrx_word' id='word_1_223' title='bbox 761 2329 837 2352; x_wconf 88' lang='lat' dir='ltr'>cum</span> <span class='ocrx_word' id='word_1_224' title='bbox 867 2317 938 2353; x_wconf 84' lang='lat' dir='ltr'>suis</span> <span class='ocrx_word' id='word_1_225' title='bbox 971 2315 1215 2365; x_wconf 73' lang='lat' dir='ltr'>constiterint,</span> <span class='ocrx_word' id='word_1_226' title='bbox 1239 2317 1372 2354; x_wconf 84' lang='lat' dir='ltr'>referre</span> <span class='ocrx_word' id='word_1_227' title='bbox 1403 2318 1541 2363; x_wconf 75' lang='lat' dir='ltr'>longum</span> 
     </span>
     <span class='ocr_line' id='line_1_33' title="bbox 127 2370 1542 2420; baseline 0.003 -14"><span class='ocrx_word' id='word_1_228' title='bbox 127 2378 192 2406; x_wconf 75' lang='lat' dir='ltr'>est.</span> <span class='ocrx_word' id='word_1_229' title='bbox 236 2370 318 2406; x_wconf 76' lang='lat' dir='ltr'>Vid.</span> <span class='ocrx_word' id='word_1_230' title='bbox 347 2370 459 2415; x_wconf 72' lang='lat' dir='ltr'>Heyn.</span> <span class='ocrx_word' id='word_1_231' title='bbox 485 2387 501 2406; x_wconf 65' lang='grc' dir='ltr'><strong>η</strong></span> <span class='ocrx_word' id='word_1_232' title='bbox 521 2370 604 2406; x_wconf 73' lang='lat' dir='ltr'>‘siber</span> <span class='ocrx_word' id='word_1_233' title='bbox 641 2371 699 2405; x_wconf 85' lang='lat' dir='ltr'>das</span> <span class='ocrx_word' id='word_1_234' title='bbox 733 2371 835 2406; x_wconf 83' lang='lat' dir='ltr'>Loeal</span> <span class='ocrx_word' id='word_1_235' title='bbox 862 2373 924 2407; x_wconf 87' lang='lat' dir='ltr'>der</span> <span class='ocrx_word' id='word_1_236' title='bbox 954 2371 1064 2406; x_wconf 77' lang='lat' dir='ltr'>Iliade</span> <span class='ocrx_word' id='word_1_237' title='bbox 1080 2375 1116 2416; x_wconf 89' lang='lat'>,&#39;&#39;</span> <span class='ocrx_word' id='word_1_238' title='bbox 1153 2386 1187 2418; x_wconf 87' lang='lat' dir='ltr'>p.</span> <span class='ocrx_word' id='word_1_239' title='bbox 1211 2373 1278 2409; x_wconf 89' lang='lat'>252</span> <span class='ocrx_word' id='word_1_240' title='bbox 1301 2385 1372 2418; x_wconf 88' lang='lat' dir='ltr'>seq.</span> <span class='ocrx_word' id='word_1_241' title='bbox 1420 2374 1542 2420; x_wconf 65' lang='lat' dir='ltr'>Kbpke</span> 
     </span>
     <span class='ocr_line' id='line_1_34' title="bbox 124 2426 1544 2476; baseline 0.003 -17"><span class='ocrx_word' id='word_1_242' title='bbox 124 2426 202 2462; x_wconf 88' lang='lat'>0.1.</span> <span class='ocrx_word' id='word_1_243' title='bbox 227 2437 303 2470; x_wconf 80' lang='lat' dir='ltr'>pag.</span> <span class='ocrx_word' id='word_1_244' title='bbox 322 2427 386 2461; x_wconf 77' lang='lat'>284</span> <span class='ocrx_word' id='word_1_245' title='bbox 409 2437 503 2471; x_wconf 85' lang='lat' dir='ltr'>seqq.</span> <span class='ocrx_word' id='word_1_246' title='bbox 531 2434 565 2460; x_wconf 81' lang='lat' dir='ltr'>et</span> <span class='ocrx_word' id='word_1_247' title='bbox 589 2434 680 2462; x_wconf 83' lang='lat' dir='ltr'>auct.</span> <span class='ocrx_word' id='word_1_248' title='bbox 710 2426 765 2459; x_wconf 69' lang='lat' dir='ltr'>ibi·</span> <span class='ocrx_word' id='word_1_249' title='bbox 784 2428 845 2463; x_wconf 81' lang='lat' dir='ltr'>cit.</span> <span class='ocrx_word' id='word_1_250' title='bbox 936 2427 975 2470; x_wconf 89' lang='lat'>2)</span> <span class='ocrx_word' id='word_1_251' title='bbox 1000 2427 1053 2461; x_wconf 87' lang='lat' dir='ltr'>De</span> <span class='ocrx_word' id='word_1_252' title='bbox 1076 2427 1200 2472; x_wconf 87' lang='lat' dir='ltr'>quibus</span> <span class='ocrx_word' id='word_1_253' title='bbox 1236 2428 1305 2461; x_wconf 87' lang='lat' dir='ltr'>vid.</span> <span class='ocrx_word' id='word_1_254' title='bbox 1339 2428 1377 2465; x_wconf 85' lang='lat' dir='ltr'>h.</span> <span class='ocrx_word' id='word_1_255' title='bbox 1395 2440 1424 2464; x_wconf 84' lang='lat' dir='ltr'>c.</span> <span class='ocrx_word' id='word_1_256' title='bbox 1451 2432 1483 2476; x_wconf 59' lang='grc' dir='ltr'>ς.</span> <span class='ocrx_word' id='word_1_257' title='bbox 1508 2432 1544 2468; x_wconf 84' lang='grc'>5,</span> 
     </span>
     <span class='ocr_line' id='line_1_35' title="bbox 128 2479 1543 2531; baseline 0.006 -18"><span class='ocrx_word' id='word_1_258' title='bbox 128 2480 167 2523; x_wconf 85' lang='grc'>5)</span> <span class='ocrx_word' id='word_1_259' title='bbox 191 2479 237 2515; x_wconf 88' lang='lat' dir='ltr'>Il.</span> <span class='ocrx_word' id='word_1_260' title='bbox 257 2479 324 2525; x_wconf 85' lang='lat' dir='ltr'>XI,</span> <span class='ocrx_word' id='word_1_261' title='bbox 347 2482 414 2515; x_wconf 85' lang='lat'>805</span> <span class='ocrx_word' id='word_1_262' title='bbox 430 2492 523 2526; x_wconf 82' lang='lat' dir='ltr'>seqq.</span> <span class='ocrx_word' id='word_1_263' title='bbox 649 2481 688 2524; x_wconf 71' lang='lat'>4)</span> <span class='ocrx_word' id='word_1_264' title='bbox 714 2481 793 2517; x_wconf 83' lang='lat' dir='ltr'>Vid.</span> <span class='ocrx_word' id='word_1_265' title='bbox 818 2480 861 2517; x_wconf 90' lang='lat' dir='ltr'>Il.</span> <span class='ocrx_word' id='word_1_266' title='bbox 878 2481 929 2525; x_wconf 86' lang='lat' dir='ltr'>X,</span> <span class='ocrx_word' id='word_1_267' title='bbox 954 2483 1012 2518; x_wconf 79' lang='lat'>65.</span> <span class='ocrx_word' id='word_1_268' title='bbox 1129 2480 1166 2524; x_wconf 91' lang='lat'>5)</span> <span class='ocrx_word' id='word_1_269' title='bbox 1199 2481 1242 2517; x_wconf 86' lang='lat' dir='ltr'>Il.</span> <span class='ocrx_word' id='word_1_270' title='bbox 1259 2482 1341 2528; x_wconf 82' lang='lat' dir='ltr'>XV,</span> <span class='ocrx_word' id='word_1_271' title='bbox 1366 2485 1432 2518; x_wconf 81' lang='lat'>653</span> <span class='ocrx_word' id='word_1_272' title='bbox 1447 2497 1543 2531; x_wconf 85' lang='lat' dir='ltr'>seqq.</span> 
     </span>
     <span class='ocr_line' id='line_1_36' title="bbox 123 2534 1540 2581; baseline 0.004 -14"><span class='ocrx_word' id='word_1_273' title='bbox 123 2534 182 2570; x_wconf 81' lang='lat' dir='ltr'>cll.</span> <span class='ocrx_word' id='word_1_274' title='bbox 202 2535 268 2568; x_wconf 84' lang='lat'>408</span> <span class='ocrx_word' id='word_1_275' title='bbox 285 2562 295 2579; x_wconf 91' lang='lat'>,</span> <span class='ocrx_word' id='word_1_276' title='bbox 317 2535 394 2570; x_wconf 82' lang='lat'>426.</span> <span class='ocrx_word' id='word_1_277' title='bbox 429 2534 538 2581; x_wconf 82' lang='lat' dir='ltr'><strong>VIII,</strong></span> <span class='ocrx_word' id='word_1_278' title='bbox 564 2537 630 2570; x_wconf 70' lang='lat'>543</span> <span class='ocrx_word' id='word_1_279' title='bbox 653 2548 747 2581; x_wconf 81' lang='lat' dir='ltr'>seqq.</span> <span class='ocrx_word' id='word_1_280' title='bbox 779 2543 814 2570; x_wconf 85' lang='lat' dir='ltr'>et</span> <span class='ocrx_word' id='word_1_281' title='bbox 847 2534 947 2581; x_wconf 85' lang='lat' dir='ltr'>XIV,</span> <span class='ocrx_word' id='word_1_282' title='bbox 971 2537 1027 2572; x_wconf 78' lang='lat'>54.</span> <span class='ocrx_word' id='word_1_283' title='bbox 1154 2535 1191 2580; x_wconf 83' lang='lat'>6)</span> <span class='ocrx_word' id='word_1_284' title='bbox 1219 2537 1313 2579; x_wconf 86' lang='lat' dir='ltr'>Quas</span> <span class='ocrx_word' id='word_1_285' title='bbox 1341 2550 1476 2572; x_wconf 89' lang='lat' dir='ltr'>summa</span> <span class='ocrx_word' id='word_1_286' title='bbox 1505 2541 1540 2574; x_wconf 85' lang='lat' dir='ltr'>vi</span> 
     </span>
     <span class='ocr_line' id='line_1_37' title="bbox 125 2587 1543 2636; baseline 0.006 -14"><span class='ocrx_word' id='word_1_287' title='bbox 125 2587 280 2634; x_wconf 79' lang='lat' dir='ltr'>effregit,</span> <span class='ocrx_word' id='word_1_288' title='bbox 296 2588 439 2626; x_wconf 77' lang='lat' dir='ltr'>flector.</span> <span class='ocrx_word' id='word_1_289' title='bbox 461 2603 530 2635; x_wconf 79' lang='lat' dir='ltr'>arg.</span> <span class='ocrx_word' id='word_1_290' title='bbox 552 2590 593 2626; x_wconf 84' lang='lat' dir='ltr'>It.</span> <span class='ocrx_word' id='word_1_291' title='bbox 611 2590 675 2624; x_wconf 67' lang='lat' dir='ltr'>XII</span> <span class='ocrx_word' id='word_1_292' title='bbox 692 2619 701 2634; x_wconf 92' lang='lat'>‚</span> <span class='ocrx_word' id='word_1_293' title='bbox 726 2592 792 2626; x_wconf 63' lang='lat'>4¹15</span> <span class='ocrx_word' id='word_1_294' title='bbox 812 2603 904 2636; x_wconf 77' lang='lat' dir='ltr'>seqq.</span> <span class='ocrx_word' id='word_1_295' title='bbox 1025 2589 1062 2636; x_wconf 86' lang='lat'>7)</span> <span class='ocrx_word' id='word_1_296' title='bbox 1089 2590 1186 2632; x_wconf 83' lang='lat' dir='ltr'>Quae</span> <span class='ocrx_word' id='word_1_297' title='bbox 1209 2592 1269 2627; x_wconf 81' lang='lat' dir='ltr'>fiat</span> <span class='ocrx_word' id='word_1_298' title='bbox 1285 2605 1420 2628; x_wconf 83' lang='lat' dir='ltr'>necesse</span> <span class='ocrx_word' id='word_1_299' title='bbox 1441 2603 1492 2630; x_wconf 89' lang='lat' dir='ltr'>est</span> <span class='ocrx_word' id='word_1_300' title='bbox 1503 2606 1543 2630; x_wconf 81' lang='lat' dir='ltr'>eo</span> 
     </span>
     <span class='ocr_line' id='line_1_38' title="bbox 122 2642 1544 2694; baseline 0.001 -17"><span class='ocrx_word' id='word_1_301' title='bbox 122 2642 220 2682; x_wconf 82' lang='lat' dir='ltr'>loco,</span> <span class='ocrx_word' id='word_1_302' title='bbox 244 2643 333 2678; x_wconf 87' lang='lat' dir='ltr'>unde</span> <span class='ocrx_word' id='word_1_303' title='bbox 361 2644 404 2678; x_wconf 80' lang='lat' dir='ltr'>ad</span> <span class='ocrx_word' id='word_1_304' title='bbox 427 2645 554 2680; x_wconf 78' lang='lat' dir='ltr'>vallum</span> <span class='ocrx_word' id='word_1_305' title='bbox 579 2644 819 2679; x_wconf 73' lang='lat' dir='ltr'>exstruendum</span> <span class='ocrx_word' id='word_1_306' title='bbox 845 2654 973 2680; x_wconf 86' lang='lat' dir='ltr'>terram</span> <span class='ocrx_word' id='word_1_307' title='bbox 1000 2645 1211 2682; x_wconf 80' lang='lat' dir='ltr'>effoderant:</span> <span class='ocrx_word' id='word_1_308' title='bbox 1234 2647 1296 2682; x_wconf 83' lang='lat' dir='ltr'>uhi</span> <span class='ocrx_word' id='word_1_309' title='bbox 1326 2647 1432 2694; x_wconf 78' lang='lat' dir='ltr'>igitur</span> <span class='ocrx_word' id='word_1_310' title='bbox 1462 2653 1544 2684; x_wconf 70' lang='grc' dir='ltr'>τεῖ..</span> 
     </span>
    </p>
   </div>
   <div class='ocr_carea' id='block_1_5' title="bbox 126 2697 1129 2780">
    <p class='ocr_par' dir='ltr' id='par_1_15' title="bbox 126 2697 1129 2780">
     <span class='ocr_line' id='line_1_39' title="bbox 126 2697 1085 2778; baseline 0.005 -48"><span class='ocrx_word' id='word_1_311' title='bbox 126 2710 190 2741; x_wconf 85' lang='grc' dir='ltr'>χος</span> <span class='ocrx_word' id='word_1_312' title='bbox 210 2697 259 2732; x_wconf 87' lang='lat' dir='ltr'>ibi</span> <span class='ocrx_word' id='word_1_313' title='bbox 281 2707 314 2734; x_wconf 83' lang='lat' dir='ltr'>et</span> <span class='ocrx_word' id='word_1_314' title='bbox 341 2700 484 2745; x_wconf 78' lang='grc' dir='ltr'>τάφρος.</span> <span class='ocrx_word' id='word_1_315' title='bbox 532 2699 610 2735; x_wconf 60' lang='lat' dir='ltr'>vid.</span> <span class='ocrx_word' id='word_1_316' title='bbox 631 2699 672 2735; x_wconf 73' lang='lat' dir='ltr'>Il.</span> <span class='ocrx_word' id='word_1_317' title='bbox 694 2699 777 2745; x_wconf 72' lang='lat' dir='ltr'>XII,</span> <span class='ocrx_word' id='word_1_318' title='bbox 801 2703 824 2734; x_wconf 73' lang='lat'><strong>4</strong></span> <span class='ocrx_word' id='word_1_319' title='bbox 843 2712 936 2746; x_wconf 83' lang='lat' dir='ltr'>seqq.</span> <span class='ocrx_word' id='word_1_320' title='bbox 1058 2744 1085 2778; x_wconf 76' lang='lat' dir='ltr'>X</span> 
     </span>
     <span class='ocr_line' id='line_1_40' title="bbox 1110 2759 1129 2780; baseline 0 0"><span class='ocrx_word' id='word_1_321' title='bbox 1110 2759 1129 2780; x_wconf 86' lang='lat'>2</span> 
     </span>
    </p>
   </div>
  </div>
 </body>
</html>
