1780 3120
597 134 1163 217 HoMERmA.
1525 153 1587 220 37

159 287 233 342 vel
267 285 489 351 pietatem
523 281 863 343 significarent,
899 277 971 326 vel
1006 280 1189 345 accepti·
1222 281 1438 330 beneficii
1483 301 1581 347 gra-

162 351 248 400 tias
288 358 476 413 agerent
519 346 594 396 vel
639 363 800 393 eorum
841 343 932 392 sibi
964 344 1172 395 favorem
1204 358 1505 412 exposcerent
1538 357 1587 399 et

164 415 358 464 tutelam
381 426 417 462 ¹.

229 481 271 545 ξ.
308 497 352 527 2.
420 477 580 526 Primo
613 476 714 523 loco
757 478 808 524 in
840 475 1040 524 donariis
1071 487 1321 525 occurrunt
1362 495 1585 536 coronae,

166 563 363 611 quarum
397 542 652 606 antiquitus
684 541 807 589 nulla
839 542 928 588 nisi
965 542 1062 589 Deo
1097 543 1316 604 dabatur,
1362 553 1414 591 ut
1451 544 1590 590 refert

168 611 350 659 Plinius
373 622 410 655 2.
478 609 564 655 His
602 607 829 673 Apollinis
862 607 1090 672 templum
1116 626 1142 655 a
1174 625 1222 656 se
1248 619 1464 657 ornatum
1492 608 1588 672 glo·

169 678 314 725 riatur
344 674 565 739 Chryses:

305 778 316 789 .
452 774 463 785 .
497 745 530 786 εἶ
550 775 560 785 .
599 775 609 786 .
645 771 659 786 .
695 745 782 786 ποτέ
805 760 856 786 τοι
884 739 1044 801 χαρίεντ’
1077 743 1136 785 ε’πῖ
1155 744 1236 795 νηὸν
1261 743 1382 805 ἔρεψα
1403 740 1441 789 3.

172 807 378 870 Dionyso
407 820 463 850 ex
489 802 663 849 hedera
690 803 865 851 fiebant
882 842 893 861 ‚
933 804 1009 850 cui
1044 804 1152 851 inde
1181 815 1402 867 κισσοκόμης
1437 822 1600 869 cogno-

173 888 283 919 men
327 869 414 915 fuit
436 869 474 913 4.
554 867 664 916 Aliis
708 868 978 916 numinibus
1017 869 1192 917 oblatas
1241 888 1337 917 esse
1384 888 1601 929 coronas,

174 935 353 983 etiamsi
379 933 603 998 suspicari
628 932 766 981 liceat
793 973 806 996 ,
827 952 925 984 non
949 933 1145 983 tradidit
1162 937 1393 984 Homerus
1412 975 1424 997 ‚
1452 954 1602 1003 quan-

172 1012 275 1050 tum
299 1016 508 1047 memlnl.
1107 1053 1114 1059 ,

241 1069 280 1122 ξ.
319 1066 362 1113 3.
434 1064 703 1111 Succedunt
738 1073 886 1111 vestes
912 1103 924 1123 ‚
976 1084 1087 1132 quas
1130 1067 1331 1113 maxime
1377 1067 1598 1129 pretiosas

178 1130 279 1178 Diis
313 1129 578 1195 ponebant,
615 1139 666 1175 ut
704 1130 952 1192 Aegisthus
971 1169 982 1188 ‚
1014 1132 1094 1196 qui
1125 1132 1461 1179 immortalibus

246 1200 377 1243 Πολλὰ
407 1196 441 1241 δ’
462 1197 649 1259 ἀγάλματ’
670 1200 809 1257 ἀνῆψεν
825 1233 836 1253 ,
874 1202 1078 1260 ὑφάσματά
1100 1218 1140 1244 τε
1159 1235 1171 1256 ,
1206 1205 1346 1262 χρυσόν
1375 1218 1414 1246 τε
1437 1198 1475 1244 5.

184 1259 394 1313 Athenae
426 1260 620 1327 peplum
647 1259 880 1307 donarunt
907 1261 1144 1310 Troades:

371 1328 454 1379 ’Ὀς
489 1329 681 1378 κάλλιστος
709 1326 774 1378 ἐἠν
804 1330 1076 1386 ποικίλμασιν,
1113 1331 1178 1381 ἠδὲ
1208 1334 1396 1391 μέγιστος.

382 1391 529 1453 Ἀστὴρ
555 1392 592 1436 δ’
618 1393 667 1442 ὥς
699 1393 917 1450 ἀπέλαμπεν
941 1393 977 1438 6.

250 1455 290 1520 ξ.
325 1456 374 1517 4.
441 1455 499 1502 In
535 1454 736 1501 donariis
764 1463 1004 1518 praeterea
1032 1455 1282 1503 laudantur
1311 1474 1415 1506 vasa
1449 1477 1612 1518 aurea,

189 1538 354 1578 aenea,
390 1529 632 1583 argentea,
667 1519 814 1564 ferrea
845 1529 890 1565 et
936 1519 985 1565 id
1024 1538 1167 1584 genus
1209 1522 1322 1578 alia,
1360 1526 1409 1570 in
1449 1526 1615 1589 quihus

190 1586 489 1634 celebrantur
531 1584 740 1649 tripodes
785 1592 831 1629 et
875 1584 1081 1645 lebetes,
1127 1587 1318 1634 Phoebo
1364 1589 1412 1634 in
1453 1592 1616 1653 primis

187 1652 361 1721 positi,
399 1650 553 1716 quales
582 1651 631 1698 in
666 1648 893 1714 Delphico
918 1650 1057 1715 hujus
1090 1653 1261 1718 templo
1297 1653 1496 1700 adfuisse
1524 1665 1616 1702 1111.-

194 1717 343 1773 ditum
368 1725 466 1763 est:

311 1783 450 1829 Ἔνθεν
472 1785 554 1835 ἅλις
585 1784 757 1844 τρίποδας
785 1784 1030 1844 περικαλλέας
1061 1785 1126 1836 ἦδὲ
1156 1787 1320 1842 λέβητας

322 1852 535 1910 Πορθήσω,
572 1858 633 1891 καὶ
654 1850 818 1908 χρυσὸν,
846 1849 926 1899 ἅλις
959 1849 988 1893 τ’
1015 1848 1155 1894 bidom
1183 1853 1361 1912 σίδηρον,

326 1915 409 1957 Καὶ
430 1914 566 1964 πολλὴν
591 1915 731 1963 ἐσθῆτα
755 1921 790 1955 7.

260 1976 299 2039 ξ.
337 1975 385 2024 5.
451 1975 665 2039 Denique
705 1973 914 2021 hostibus
966 1976 1168 2023 detracta
1209 1981 1353 2042 spolia
1397 1983 1498 2029 Diis
1540 2002 1618 2048 ap-

195 2040 466 2108 pendebant
512 2041 719 2087 victores.
811 2039 984 2088 Doloni
1045 2042 1194 2088 ablata
1237 2047 1448 2094 Athenae
1497 2048 1622 2096 dicat

198 2107 392 2173 Ulysses
417 2107 455 2153 8.
525 2106 700 2152 Hector
725 2121 908 2171 quoque
927 2144 939 2167 ,
974 2107 1056 2154 ubi
1092 2126 1117 2154 e
1137 2114 1389 2159 certamine
1411 2117 1623 2178 superior

1524 2180 1622 2227 abi-

250 2302 286 2346 1)
310 2300 551 2337 Sacerdotibus
575 2300 799 2336 tradebantur
829 2302 972 2336 donaria
1005 2302 1265 2350 suspendenda,
1298 2316 1337 2342 ut
1370 2308 1414 2346 ΙΙ.
1437 2308 1508 2353 VI,
1545 2311 1624 2354 293.

204 2355 327 2400 Elogia
361 2356 406 2390 iis
427 2354 569 2390 inscribi
605 2354 785 2400 solebant,
821 2357 873 2391 ait
900 2357 1014 2393 Feith.
1041 2357 1094 2391 ed.
1118 2358 1212 2394 Stob.
1237 2373 1270 2405 p.
1291 2364 1353 2397 86:
1378 2362 1419 2396 de
1444 2375 1509 2407 quo
1531 2375 1625 2398 more

208 2409 299 2444 nihil
329 2411 463 2445 monuit
485 2410 604 2446 Po’elta.
663 2410 758 2451 Quae
787 2410 940 2445 donariis
976 2413 1140 2457 ponendis
1168 2425 1283 2448 ansam
1314 2416 1536 2459 praebuerint
1558 2418 1630 2456 vid.

214 2477 244 2498 e.
265 2477 296 2508 g.
320 2464 364 2499 Il.
387 2463 404 2498 I
420 2494 430 2512 ‚
454 2467 508 2510 59.
544 2464 616 2509 VI,
641 2467 706 2509 294
730 2475 825 2509 seqq.
855 2465 945 2511 Vll,
969 2469 1013 2501 82
1036 2479 1104 2512 seq.
1139 2468 1203 2504 Od.
1227 2468 1303 2513 ΙΙΙ,
1327 2471 1392 2515 273
1410 2482 1504 2515 seqq.
1529 2472 1627 2519 XVI,

213 2520 291 2554 185.
315 2518 359 2555 al.
475 2518 513 2562 2)
538 2519 631 2553 Hist.
665 2517 744 2553 Nat.
770 2518 808 2555 L.
829 2519 918 2556 XVI.
955 2533 982 2556 e.
1005 2522 1038 2556 4.
1075 2522 1172 2556 Tom.
1191 2523 1235 2559 II.
1271 2536 1305 2568 p.
1325 2525 1405 2561 225.
1521 2526 1558 2570 5)
1584 2528 1627 2566 ΙΙ.

218 2573 259 2617 I,
283 2574 338 2618 39.
385 2572 465 2609 Vid.
487 2573 598 2618 Heyn.
621 2572 663 2605 ad
686 2571 709 2608 l.
732 2571 757 2606 l·
827 2575 866 2618 4)
892 2575 1018 2620 Hymn.
1041 2576 1075 2608 in
1099 2576 1223 2613 Bacch.
1247 2578 1293 2613 II.
1318 2590 1367 2614 vs,
1390 2592 1422 2615 1.
1499 2580 1538 2623 5)
1564 2582 1630 2623 Od,

218 2625 296 2669 111,
320 2628 396 2672 274.
492 2627 529 2670 6)
555 2626 595 2662 Il.
621 2626 689 2671 VI,
713 2629 780 2671 29³2
802 2639 871 2673 seq.
920 2629 973 2663 Cf.
998 2642 1099 2671 supra
1125 2644 1154 2664 c.
1173 2631 1239 2667 III.
1266 2635 1297 2678 §-
1318 2634 1349 2668 4.
1442 2633 1478 2678 7)
1504 2635 1631 2681 Hymn„

220 2679 256 2722 in
277 2680 396 2722 Herm.
421 2692 469 2718 vs.
494 2694 556 2728 179
579 2694 672 2726 seqq.
720 2680 771 2716 Cf.
797 2682 860 2719 od.
886 2683 983 2730 XVI,
1012 2686 1086 2720 185.
1204 2687 1241 2729 8)
1266 2687 1310 2728 112
1335 2687 1358 2720 X
1375 2715 1386 2731 ,
1409 2689 1475 2725 400,
1499 2702 1592 2739 seqq³
1629 2679 1631 2681 ¹

1067 2742 1168 2796 (ΣΞ
