1780 3120
575 122 1142 197 noMnssica
1461 118 1570 203 ξπ

148 285 304 347 Quam
343 281 404 333 ob
438 298 624 330 causam
666 279 807 328 urbes
845 277 1169 339 celebrantur,
1213 281 1343 345 cujus
1384 281 1566 331 incolae

155 359 266 398 sunt

285 448 547 464 ......
582 412 712 476 ἄνδρες
747 447 758 457 .
801 449 810 461 .
844 411 1065 474 πο).ὑῤῥηνες
1081 448 1091 468 ,
1127 412 1348 465 πολυβεῦται
1372 422 1409 458 ¹.

157 497 265 527 cum
292 478 482 540 omnino
515 477 726 524 homines
761 476 970 541 opulenti
1006 476 1064 523 ab
1095 477 1302 524 Homero
1347 482 1571 542 πολύοιρνες,

157 549 355 606 πολύμηλει
385 552 478 591 etc.
513 544 813 591 nominentur
836 556 873 590 2.

221 612 260 673 ς’.
296 626 345 675 9.
413 609 515 656 Etsi
530 611 678 670 δμωαί,
705 615 809 662 θῆτες
828 645 840 667 ,
870 607 1011 671 Elaea,
1032 606 1108 655 alii
1138 607 1187 653 in
1213 624 1264 654 re
1292 606 1464 654 rustica
1487 610 1574 656 mi-

159 676 327 733 nistri,
362 675 634 737 praesertim
662 673 743 720 ubi
767 673 972 739 plurium
998 673 1164 719 auxilio
1194 688 1310 737 opus
1338 682 1460 732 crat,
1496 674 1577 720 ad-

161 739 467 797 hiberentur,
511 741 562 786 in
614 739 778 785 eadem
832 748 986 784 tamen
1029 739 1267 803 principes
1303 739 1439 785 etiam
1490 740 1576 786 viri

162 821 351 869 operam
387 820 561 868 ponere
607 820 686 850 sua
731 820 928 868 persona
962 804 1087 850 haud
1129 804 1377 866 indignum
1420 821 1580 850 cense-

161 869 302 927 bant,
336 869 466 933 quod
488 870 676 918 Lae'rtis
709 868 920 934 exemplo
950 868 1172 933 probatur
1195 869 1238 914 5:
1272 886 1428 931 regum
1464 887 1579 934 quo-

161 951 252 999 que
281 933 362 980 filii
398 943 618 1001 paternos
655 950 810 998 greges
840 935 1117 999 pascebant,
1153 933 1279 998 quod
1313 937 1371 980 de
1399 946 1579 999 septem

163 1000 413 1059 Eetionis,
449 999 721 1047 Thebarum
741 1002 888 1064 regis,
922 998 1053 1060 filiis,
1089 1017 1202 1067 quos
1230 999 1401 1047 occidit
1421 999 1580 1051 Achil-

163 1065 233 1113 les

294 1134 426 1177 Βουσῖν
454 1126 512 1175 ἐπ’
534 1130 753 1177 εἰλιπόδεσσι
779 1135 844 1175 καὶ
870 1135 1045 1194 ἀργεννῇς
1073 1136 1186 1178 ὀΐεσσι
1205 1146 1214 1157 ·
1241 1129 1265 1164 4

164 1195 222 1243 de
257 1195 331 1242 Iso
364 1203 412 1242 et
447 1193 655 1259 Antipho
678 1231 692 1255 ,
737 1194 911 1242 Priami
954 1197 1072 1242 natis
1096 1196 1119 1231 5
1141 1235 1152 1256 ‚
1200 1193 1261 1242 de
1304 1193 1506 1243 Anchise
1529 1196 1580 1256 6,

163 1263 320 1315 Aenea
343 1270 364 1306 7
398 1259 588 1326 aliisque
617 1261 866 1308 memoriae
895 1260 1117 1309 traditum
1139 1269 1224 1311 est.

364 1557 709 1611 CAPUT
789 1534 1387 1613 SECUNDUM.

683 1707 755 1739 DE
804 1707 1056 1740 VENATU.

229 1872 271 1936 §.
314 1887 352 1919 1.
421 1840 528 1916 Ad
560 1884 662 1914 rem
687 1868 905 1914 rusticam
941 1866 1146 1931 pertinet
1177 1878 1401 1927 venatus,
1437 1883 1576 1934 quem

167 1935 339 2002 oppido
379 1933 648 1999 frequenter
693 1942 868 1979 veteres
906 1933 1213 1993 exercebant,
1265 1936 1378 1982 dum
1411 1936 1469 1981 ad
1499 1952 1577 1999 pa-

167 2001 360 2054 scendos
393 2016 550 2063 greges
595 2000 646 2045 in
691 1999 807 2061 agris
865 1995 1121 2060 degebant,
1165 2009 1216 2046 ut
1254 2000 1411 2048 Iliadis
1458 1999 1577 2046 libro

167 2067 417 2115 undecimo
440 2066 461 2098 8
495 2073 542 2110 et
579 2063 677 2110 aliis
716 2065 829 2109 locis
871 2072 1078 2127 apparet.
1158 2066 1295 2124 Quod
1346 2065 1578 2114 Anchisae

166 2148 349 2200 quoque
368 2129 577 2195 exemplo
601 2130 927 2184 confirmatur,
950 2129 1030 2192 qui
1057 2148 1270 2178 ursorum
1295 2142 1341 2178 et
1361 2132 1549 2178 leonum
1566 2169 1579 2189 ‚

167 2215 281 2265 quos
313 2196 525 2246 venando
552 2196 880 2252 interemerat,
913 2193 1112 2259 pellibus
1146 2196 1357 2245 incubuit
1381 2209 1417 2245 9.
1475 2195 1584 2243 Bel-

937 2313 958 2330 ,
1552 2261 1588 2311 u

215 2371 253 2416 ι)
277 2369 321 2407 Il.
342 2370 408 2411 lx,
425 2370 502 2406 154.
603 2369 642 2414 2)
667 2369 717 2404 Ut
739 2368 951 2415 11.11‚106‚
969 2372 1044 2416 705.
1091 2371 1175 2406 Inde
1199 2383 1331 2418 quoque
1357 2372 1485 2408 factum
1507 2381 1584 2418 est,

170 2435 210 2466 ut
227 2438 340 2463 rerum
362 2426 509 2470 dignitas
525 2437 562 2459 ac
577 2426 725 2470 pretium
748 2437 765 2458 e
787 2423 888 2458 boum
903 2424 1116 2471 aliorumque
1138 2439 1298 2473 pecorum
1314 2440 1455 2462 numero
1474 2430 1585 2462 aesti-

171 2489 331 2526 mentur,
355 2480 391 2514 in
420 2479 622 2525 dotibusque
649 2488 684 2513 et
710 2478 864 2525 pluribus
892 2479 1058 2528 ejusmodi
1093 2481 1194 2515 rebus
1222 2481 1363 2514 maximi
1390 2481 1585 2518 habeantur

170 2547 306 2580 pecora.
373 2533 412 2580 3)
438 2534 519 2571 vid,
543 2534 607 2570 Od.
632 2533 764 2576 XXIV,
787 2536 854 2568 225
876 2546 969 2580 seqq.
1037 2534 1077 2579 4)
1104 2534 1147 2568 11.
1173 2534 1241 2576 VI,
1266 2536 1346 2571 422.
1434 2537 1474 2580 5)
1500 2536 1584 2576 Vid.

173 2589 218 2625 11.
242 2588 311 2633 XI,
336 2602 396 2625 101
418 2601 512 2636 seqq.
639 2589 677 2632 0)
703 2588 784 2624 vid.
810 2587 854 2624 11.
879 2588 934 2634 V,
958 2591 1036 2626 513.
1154 2589 1191 2635 7)
1218 2589 1300 2624 vid.
1333 2589 1376 2625 Il.
1400 2590 1481 2636 XX,
1507 2595 1584 2631 188.

169 2641 227 2678 en.
250 2654 362 2689 praec.
387 2656 434 2682 vs.
568 2643 607 2689 8)
632 2643 692 2680 Vs.
717 2645 783 2690 547
816 2655 910 2690 seqq.
1029 2642 1067 2689 9)
1093 2642 1175 2679 vid.
1199 2643 1325 2689 Hymn,
1362 2644 1398 2679 in
1430 2646 1585 2692 Aphrod.

169 2707 217 2736 n.
243 2705 307 2736 100
328 2709 400 2744 seq·

1117 2761 1190 2795 ΡΞ
