1780 3120
148 131 212 181 ω
520 106 1192 188 ΑΝΤΙρυῙΤᾹε

217 261 260 326 ξ.
295 258 342 307 5.
409 257 673 322 ΡεΓῙυΓίυω
707 256 757 304 in
794 257 1094 307 atrocioribus
1133 258 1314 325 flagitiis
1359 262 1559 310 habeba-

154 335 262 384 tur,
311 341 403 391 quo
434 324 574 371 fiebat
596 361 608 381 ‚
643 331 694 369 ut
726 326 928 385 jurantes
964 324 1052 370 sihi
1079 361 1092 383 ‚
1129 327 1168 371 si
1204 328 1556 391 pejeravisscnt‚

158 391 277 439 mala
294 391 448 438 omnia
475 389 855 452 imprecarentur.
920 388 1061 435 Unde
1087 389 1314 438 Achilles:

289 462 341 503 Εἰ
364 459 403 503 δέ
425 476 460 502 τι
482 455 590 500 τῶνδ’
614 458 797 514 ἐπίορκον,
832 459 910 514 ἐμοὶ
935 458 1005 500 8εοί
1036 455 1155 517 ἄλγεα
1184 459 1276 503 δοῖεν

291 525 421 568 Πολλὰ
443 521 560 580 μαλ’,
591 521 688 563 ἕσσα
710 519 884 577 διδοῦσιν,
917 522 935 565 ὅ
969 540 1022 573 τις
1055 517 1117 583 σφ’
1145 524 1318 574 &mmm
1346 528 1506 582 ὀμόσσας
1529 535 1564 570 ¹.

161 587 272 635 Post
300 587 390 633 fata
418 586 467 630 in
485 583 645 647 primis
673 583 889 646 punitur,
926 585 1006 649 qui
1033 585 1354 651 jusjurandum
1375 587 1568 636 violave-

167 653 246 702 rit.
301 651 374 700 Ab
407 665 460 696 eo
484 649 708 712 Erinnyes
732 664 905 713 poenas
934 650 1124 713 exigunt
1144 687 1156 708 ‚

297 748 802 765 ...........
835 721 881 760 αἵ
911 717 941 761 θ’
965 721 1032 761 ὑπὸ
1062 730 1173 778 γαῖαν

295 782 526 844 Ἀνθρώπους
557 787 740 837 τίνυνται,
774 782 847 834 ὅτις
870 781 905 826 κ’
925 787 1086 843 ἐπίορκον
1112 788 1251 842 ὀμόσσῃ
1275 795 1299 818 2

171 849 241 897 vel
277 847 436 895 Hades
471 855 518 892 et
554 845 849 909 Persephone
872 882 882 902 ‚
929 846 1054 911 quod
1093 834 1433 912 haud¹absque
1481 847 1579 895 veri

168 914 320 980 specie
346 930 401 960 ex
429 909 560 958 Iliad.
581 908 710 956 Libr.
732 911 817 956 ΙΙΙ.
845 912 1091 974 suspiceris
1107 949 1118 970 ,
1153 929 1244 977 quo
1268 921 1584 960 memorantur

303 1007 759 1026 ..........
793 980 827 1020 οἳ
857 981 1029 1039 ὑπένερθε
1060 984 1246 1038 καμόντας

299 1044 532 1108 Ἀνθρώπους
557 1043 750 1094 τίνυσθον,
781 1042 855 1093 ‘dmg
880 1042 912 1085 κ’
937 1046 1098 1103 ἐπίορκον
1118 1048 1259 1103 ὀμόσσῃ
1283 1042 1319 1088 3.

173 1111 392 1161 Attamen
439 1107 676 1155 ministrae
726 1104 842 1150 forte
892 1104 1134 1152 habendae
1185 1115 1293 1153 sunt
1327 1107 1584 1172 Erinnyes,

176 1193 292 1242 quae
322 1173 475 1221 Hades
505 1181 552 1219 et
579 1169 906 1234 Persephones
945 1174 1069 1235 jussa
1092 1181 1402 1236 exsequantur
1437 1183 1483 1219 et
1503 1182 1590 1219 sta-

178 1251 301 1290 tutas
325 1257 349 1285 a
381 1238 612 1287 sceleratis
645 1252 817 1300 poenas
844 1244 1054 1295 sumant,
1090 1237 1154 1283 ita
1185 1246 1237 1283 ut
1263 1238 1374 1284 locis
1399 1238 1592 1284 laudatis

181 1306 240 1353 de
278 1304 446 1353 iisdem
489 1303 676 1367 proprie
721 1301 1020 1361 numinibus,
1056 1304 1317 1371 perjurium
1352 1303 1594 1372 punienti-

182 1372 299 1432 bus,
333 1371 392 1420 sit
419 1365 720 1433 cogitandum
741 1365 781 1415 4.

500 1719 847 1772 CAPUT
925 1717 1307 1767 NONUM.

664 1868 732 1899 Dr:
777 1865 1132 1899 HOMICKDIIS·

269 2036 308 2098 ξ.
352 2051 391 2080 1.
461 2004 748 2079 Homicidii
775 2045 880 2075 cum
923 2024 1239 2091 imprudentia
1273 2032 1373 2070 tum
1408 2024 1616 2070 consulto

202 2101 310 2151 facti
342 2095 761 2162 frequentissimam
791 2095 840 2140 in
873 2092 1070 2139 Homeri
1101 2089 1385 2138 carminibus
1414 2090 1617 2135 mentio-

206 2182 318 2214 nem
345 2163 508 2209 factam
526 2161 753 2223 legimus.
822 2157 1032 2204 Plurima
1059 2156 1186 2203 enim
1215 2171 1332 2220 quae
1351 2192 1362 2212 ‚
1398 2154 1446 2200 in
1472 2153 1618 2202 Iliade

210 2229 508 2297 pracsertim,
546 2227 668 2272 edita
715 2223 1012 2270 celebrantur
1053 2220 1226 2286 proclia
1251 2256 1263 2276 ‚
1308 2236 1506 2284 quorum
1545 2229 1622 2265 tu-

210 2295 358 2344 multu
391 2301 439 2339 et
455 2308 681 2339 concursu
720 2290 893 2335 inscius
930 2297 975 2335 ct
1006 2287 1170 2334 nolens
1209 2301 1344 2349 saepe
1370 2286 1473 2350 quis
1509 2285 1622 2330 ami-

209 2378 320 2411 cum
363 2357 433 2408 vel
465 2358 613 2406 civem
643 2354 911 2413 occidebat,
958 2353 1147 2400 affectus
1180 2351 1318 2398 etiam
1357 2351 1407 2397 in
1436 2350 1626 2397 Graccis

1544 2431 1632 2462 mi-

262 2558 300 2602 1)
325 2555 368 2589 Il.
394 2552 492 2597 XIX,
516 2552 583 2586 264
607 2563 699 2597 seqq.
825 2550 864 2590 α)
890 2549 934 2587 11.
956 2551 995 2586 L.
1021 2549 1046 2585 l.
1072 2560 1120 2585 vs.
1140 2549 1206 2594 259
1225 2559 1297 2595 seq.
1423 2545 1461 2591 5)
1487 2546 1544 2582 Vs.
1567 2546 1630 2589 278

219 2625 290 2657 seq.
310 2609 353 2644 ad
378 2620 411 2653 q·
431 2607 456 2642 l.
485 2605 554 2642 vid.
581 2605 694 2651 Heyn.
722 2604 807 2650 Yar.
836 2603 944 2642 Lectt.
971 2611 1006 2639 et
1025 2602 1164 2641 Observ.
1266 2602 1307 2648 4)
1334 2600 1384 2637 Cf.
1408 2613 1491 2646 quae
1512 2600 1633 2645 legun-

221 2676 276 2702 tur
299 2666 342 2700 11.
363 2663 430 2708 lx,
454 2662 519 2697 565
543 2671 636 2706 seqq.
