1780 3120
561 120 1126 190 HOMERICA.
1457 149 1550 204 291

129 277 262 318 erant
312 267 497 318 metallo
554 267 769 315 deaurato
797 305 810 326 ‚
868 266 995 315 unde
1054 274 1213 331 χρυσείη
1277 266 1541 320 dicebatur.

127 336 254 383 Huic
302 333 631 381 annectebatur
672 350 866 389 nervus,
917 336 1054 395 πυρά,
1109 350 1223 398 quae
1268 334 1543 401 plerumque

124 406 229 459 βόεια
253 411 270 435 ²
307 401 391 447 fuit
421 410 468 447 et
491 409 603 446 torta
627 410 664 444 ².
734 399 903 461 Sagitta
937 416 1076 445 nervo
1110 398 1426 462 applicabatur
1457 419 1541 466 per

125 466 397 513 incisuram.
445 463 672 529 γλυφίδκὸ,
716 465 764 509 in
814 465 1029 510 inferiore
1071 475 1198 528 parte
1249 464 1442 526 factam,
1491 475 1543 514 ut

120 533 329 594 superior
372 535 420 578 in
458 529 802 595 receptaculum
846 531 1011 576 mediis
1061 529 1278 576 cornibus
1331 532 1538 579 excisum

117 595 364 643 inclinaret
398 613 451 642 eo
485 596 585 643 loco
607 633 618 653 ‚
644 612 781 661 quem
815 605 931 656 πήχος
963 604 1092 641 vocat
1134 595 1357 642 Homerus
1379 634 1389 651 ‚
1426 614 1533 644 curn

117 659 177 707 de
215 661 408 726 Ulysse‚
463 663 702 725 sagittam,
751 661 904 725 inquit
932 697 943 717 ‚
991 666 1050 706 ε’πὶ
1099 669 1211 722 πήχει
1253 666 1370 719 ἑλὼν,
1415 664 1533 708 εἷλκεν

114 736 242 787 νευρήν
284 750 320 774 κ.
352 747 385 774 τ.
418 731 456 774 λ.
481 727 529 773 4;
569 726 721 791 quod,
756 726 1010 790 interprete
1041 726 1284 773 Eustathio
1305 765 1315 782 ,
1352 736 1421 774 est
1455 732 1537 776 α’ντί

114 801 199 850 τοῦ,
235 801 426 855 κρατήσας
455 798 518 838 καὶ
543 797 615 845 θείς
649 796 707 837 τὸν
738 797 853 837 ὀϊστὸν
882 800 941 836 ε’πί
968 795 1021 851 τῷ
1042 802 1154 853 πήχει
1181 803 1241 838 τεῦ
1262 794 1391 850 τάξω,
1425 798 1535 856 ἤγουν

115 860 171 918 τῷ
199 867 354 919 κέρατι,
388 858 476 903 ἔνθα
509 866 533 910 ἠ
570 867 630 903 τοῦ
662 859 764 910 τόξου
797 859 899 913 λαβὴ
923 855 958 902 5.
1027 858 1139 903 Erat
1180 868 1334 904 autem
1371 862 1535 921 sagitta

111 923 290 969 arundo
310 960 321 978 ‚
357 924 466 977 δόναξ
489 922 538 980 6,
574 925 706 988 cujus
732 922 907 983 fastigio
931 938 1070 968 aenea
1089 959 1100 980 ,
1137 922 1283 969 ferrea
1301 961 1312 981 ‚
1342 940 1395 969 ex
1418 924 1534 970 alio-

108 1002 166 1034 ve
204 987 391 1034 metallo
421 988 536 1034 facta
560 998 579 1033 7
609 987 762 1051 cuspis
794 987 932 1032 infixa
971 996 1062 1044 est,
1099 987 1159 1033 ita
1195 998 1247 1034 ut
1294 992 1395 1054 ejus
1423 990 1533 1038 ferri

112 1054 262 1117 capita
288 1071 368 1100 seu
403 1054 556 1110 hami,
591 1054 689 1115 Syme
713 1053 749 1109 8,
787 1055 1023 1098 emineant
1053 1070 1105 1098 ex
1137 1053 1328 1100 tendine
1350 1092 1361 1112 ,
1389 1060 1529 1118 νευρῴ,

110 1119 189 1181 qui
218 1118 444 1165 calamum
470 1128 515 1165 et
544 1118 715 1163 ferrum
749 1120 903 1181 juncta
943 1127 1066 1163 tenet
1108 1128 1144 1163 9.
1212 1123 1279 1165 Ne
1307 1138 1330 1165 a
1365 1122 1532 1167 vermi-

106 1180 196 1229 bus
220 1193 593 1249 corrumperetur
611 1220 621 1240 ,
650 1199 804 1228 arcum
823 1220 832 1238 ‚
871 1183 1112 1248 siquando
1136 1200 1230 1229 non
1252 1193 1497 1231 uterentur
1515 1222 1527 1242 ,

105 1247 155 1294 in
203 1249 368 1304 theca,
473 1253 599 1305 ουτώ,
659 1246 901 1295 conditum
948 1265 1003 1294 ex
1058 1249 1222 1313 paxillo
1276 1251 1530 1315 suspende-

468 1295 474 1312 A

103 1310 233 1362 bant.
299 1314 441 1362 Unde
470 1300 823 1378 de⁴Penelope‚
872 1312 1051 1377 Ulyss1s
1087 1332 1246 1361 arcum
1291 1332 1347 1362 ex
1380 1317 1525 1381 ipsius

104 1378 307 1427 thalamo
337 1381 600 1437 auferente,
634 1379 893 1425 Homerus:

235 1481 247 1493 .
483 1483 495 1492 .
532 1448 605 1493 ἀπὸ
625 1448 824 1491 ’πασσάλου
850 1451 973 1490 αἴνυτο
999 1447 1098 1499 τόξεν

230 1512 344 1573 Αὖτῷ
365 1514 521 1575 γωρυτῷ
535 1549 546 1568 ,
583 1514 621 1564 ’ός
639 1518 669 1555 οἱ
703 1518 881 1571 περίκειτο
906 1518 1043 1575 φαεινός
1064 1522 1121 1559 ¹⁰.

99 1573 258 1638 Ipsam
296 1577 542 1640 sagittandi
589 1577 815 1622 rationem
867 1585 1074 1622 accurate
1119 1575 1254 1623 nobis
1297 1575 1520 1626 describit

99 1639 244 1687 Poeta
265 1678 276 1696 ,
313 1651 362 1687 ut
393 1641 655 1688 Pandarum
685 1642 733 1686 in
763 1641 1022 1686 Menelaum
1057 1659 1214 1688 arcum
1240 1642 1514 1691 tendentem

98 1703 187 1770 ipsi
226 1706 395 1753 intueri
440 1708 693 1755 videamur.
774 1707 993 1768 Sagittam
1036 1707 1212 1754 scilicet
1262 1724 1313 1752 ea
1354 1719 1511 1773 parte,

96 1787 188 1835 qua
232 1776 360 1835 γλυφίς
399 1782 498 1832 est,
534 1788 677 1819 nervo
723 1769 938 1817 admovet
972 1781 1020 1818 et
1053 1789 1159 1819 cum
1192 1790 1334 1820 nervo
1377 1774 1516 1822 simul

100 1834 160 1882 ad
187 1852 235 1882 se
266 1838 435 1894 trahit,

210 1903 336 1948 ’Έλκε
354 1901 392 1948 δ’
413 1911 499 1964 ὁμοῦ
525 1903 703 1967 γ),υφ·’δας
730 1922 768 1948 τε
794 1905 924 1957 λαβὼν
945 1907 1006 1947 καί
1026 1913 1134 1964 νεῦρα
1161 1906 1266 1960 βόεια
1280 1940 1292 1960 ,

93 1962 245 2012 donec
273 1967 432 2014 dextra
453 2006 462 2023 ,
485 1986 573 2033 qua
595 1984 788 2013 nervum
810 1966 987 2022 tendit,
1024 1977 1186 2031 pectus
1212 1969 1440 2032 tetigerit,
1464 1980 1512 2019 et

91 2031 279 2095 sagittae
311 2034 463 2098 cuspis
502 2034 545 2081 ei
575 2032 758 2080 admota
793 2033 850 2078 sit
881 2048 1014 2079 arcus
1048 2034 1194 2098 parti,
1237 2052 1326 2100 qua
1367 2053 1511 2086 manu

1449 2120 1514 2150 Sl·

132 2227 171 2273 ι)
195 2227 275 2266 vid.
299 2227 344 2265 11.
364 2227 439 2273 IV,
464 2238 540 2264 122.
641 2228 680 2272 2)
702 2228 932 2275 Ἐ’ύστρεφῆς
952 2227 1042 2262 enim
1062 2228 1189 2264 dieitur
1210 2229 1254 2267 Il.
1276 2230 1338 2266 XV
1354 2234 1454 2276 ‚463.
1471 2242 1508 2269 et

85 2284 302 2329 νοόστροφος
322 2295 371 2320 vs.
384 2285 470 2329 ¹469.
540 2281 578 2325 3)
603 2281 683 2320 vid,
710 2282 753 2317 Il.
776 2282 848 2324 lv,
864 2297 938 2320 122.
952 2291 985 2318 et
996 2283 1058 2319 od.
1082 2283 1180 2328 XXI,
1204 2286 1282 2331 419.
1355 2287 1394 2330 4)
1422 2288 1505 2324 vid.

87 2336 151 2374 Od.
177 2337 245 2374 1.1.
397 2338 436 2382 5)
463 2337 543 2372 vid.
570 2337 667 2373 Eust.
690 2337 730 2371 ad
757 2338 820 2374 od.
850 2338 876 2376 l.
900 2337 924 2374 l.
1096 2339 1133 2382 6)
1162 2338 1240 2376 vid.
1265 2340 1307 2376 11.
1327 2341 1395 2383 XI,
1419 2343 1502 2378 583.

86 2392 124 2437 7)
150 2391 248 2425 Unde
280 2391 338 2430 ἵος
373 2393 609 2437 χηλκοβάρης
637 2391 678 2427 Il.
710 2392 790 2438 XV,
815 2394 895 2427 465·
934 2391 998 2429 Od.
1031 2391 1070 2429 Ῑ.
1094 2395 1170 2429 262.
1202 2395 1430 2438 ταιψγλώχις
1459 2395 1501 2432 Il.

85 2445 191 2485 xlll,
217 2458 292 2491 297.
324 2447 516 2491 τριγλώχις
551 2447 578 2481 ΙΙ
620 2445 672 2491 V,
696 2448 773 2491 393.
808 2447 878 2491 XI,
902 2449 978 2490 507.
1012 2445 1057 2482 al.
1096 2447 1201 2482 immo
1237 2449 1347 2494 ipsum
1393 2449 1500 2484 telum

83 2499 191 2535 Ροέιε
214 2500 364 2545 σιδηρον
387 2510 485 2536 vocat
507 2501 546 2537 11.
572 2501 645 2546 lv,
673 2503 748 2537 123.
846 2501 882 2545 8)
910 2501 989 2537 vid.
1015 2501 1057 2539 Il.
1081 2501 1158 2547 IV,
1184 2504 1257 2539 151.
1307 2502 1359 2539 Cf.
1385 2504 1499 2549 Apoll.

82 2553 165 2590 Lex.
189 2556 225 2589 in
248 2566 280 2590 v.
305 2563 339 2589 et
360 2555 473 2592 Schol.
493 2569 571 2590 cum
592 2556 704 2601 Heyu.
727 2563 762 2592 et
782 2554 894 2601 Kopp.
916 2556 956 2590 ad
981 2556 1004 2592 1.
1026 2556 1050 2593 l.
1186 2558 1225 2602 9)
1251 2557 1332 2593 Vid.
1356 2557 1398 2593 11.
1423 2557 1448 2594 l.
1472 2557 1498 2595 l.

84 2607 129 2643 ad
156 2620 190 2655 q.
221 2613 322 2643 adeas
352 2609 465 2648 Schol.
485 2619 521 2646 et
539 2610 691 2656 Inter-pr.
823 2610 884 2656 ιο)
907 2609 972 2648 Od.
992 2610 1092 2657 XXI,
1115 2612 1160 2647 55
1181 2623 1254 2658 seq.
1303 2611 1357 2650 Cf.
1385 2612 1493 2658 ejusd.

90 2662 374 2711 Lu394123.
406 2663 681 2713 etILV,209.
1010 2718 1038 2752 τ

1062 2732 1081 2754 2
