1780 3120
581 138 1155 221 ΗΟΜΕΒΙΟΑ.
1506 160 1569 227 45

411 529 687 578 CAPUT
753 525 1349 579 DUODECIMUM.

460 679 527 710 DE
571 678 904 710 FUNERANDI
949 676 1284 710 RELIGIONE.

168 812 270 888 De
301 834 547 886 funerandi
570 847 586 871 ¹
619 836 786 884 ritibus
804 876 815 897 ,
852 837 900 884 in
920 836 1085 903 quibus
1111 834 1238 884 haud
1259 834 1466 898 exiguam
1490 831 1596 880 reli⁴

170 904 318 968 gionis
347 911 530 968 partem
555 920 579 949 a
616 902 807 951 Graecis
843 906 1042 968 positam
1079 904 1319 959 novimuS,
1355 899 1432 946 hic
1459 914 1595 964 quae-

172 967 281 1016 dam
304 967 580 1035 subjungere
610 977 657 1014 et
685 986 757 1016 res
792 971 888 1034 ipsa
906 978 1067 1016 monet
1095 977 1142 1015 et
1172 967 1228 1014 ab
1259 967 1346 1013 hoc
1372 966 1471 1012 loco
1498 976 1595 1011 non

165 1032 375 1082 'alienum
405 1033 587 1081 videtur
604 1073 615 1092 ‚
647 1034 697 1080 in
720 1036 887 1101 quibus
914 1034 1201 1100 exponendis
1239 1031 1447 1096 ejusdem
1472 1029 1597 1077 anti-

175 1101 256 1166 qui
287 1100 405 1147 vatis
439 1100 642 1146 carmina
674 1117 937 1166 sequamur.

241 1165 281 1228 §.
326 1183 364 1215 1.
432 1163 766 1212 Moribundum
804 1166 959 1231 itaque
1001 1164 1352 1212 circumstantes
1391 1162 1600 1219 adfines,

173 1231 427 1297 propinqui
456 1238 503 1276 et
534 1230 785 1277 familiares
832 1247 1159 1296 quaecunque,
1204 1231 1395 1275 minima
1435 1228 1600 1284 etiam,

175 1312 293 1362 quae
313 1294 470 1353 daret,
505 1296 687 1359 pietatis
720 1305 858 1361 atque
883 1296 1051 1343 amoris
1081 1296 1210 1359 signa
1237 1293 1394 1359 cupidi
1422 1302 1468 1339 et
1495 1291 1602 1339 laeti

177 1360 522 1426 exspectabant.
591 1361 661 1406 Ita
695 1362 937 1407 morientis
985 1377 1150 1407 manus
1180 1375 1390 1424 premere
1424 1357 1606 1405 adama-

177 1435 317 1484 runt,
345 1432 547 1471 extrema
577 1428 674 1489 ejus
700 1425 920 1472 mandata
947 1424 1115 1490 cupide
1146 1426 1455 1490 excipientes,
1492 1438 1606 1489 quae

174 1492 230 1538 in
262 1492 431 1537 mortui
467 1491 688 1537 carissimi
716 1491 987 1537 memoriam
1023 1491 1202 1555 saepius
1234 1494 1282 1537 in
1311 1491 1517 1536 animum
1539 1504 1611 1534 re-

178 1565 400 1603 vocarent
418 1564 463 1601 et
495 1554 793 1603 observarent
817 1557 1174 1605 accuratissime.
1240 1557 1344 1615 Quo
1379 1554 1503 1602 dulci
1538 1571 1612 1600 ca-

174 1620 395 1668 lamitatis
435 1620 593 1667 solatio
642 1637 690 1667 se
733 1623 958 1689 privatam
997 1622 1208 1688 queritur
1251 1621 1464 1670 Hectoris
1499 1634 1612 1667 uxor

172 1686 498 1745 ‚amantissima
520 1703 532 1733 :

532 1788 543 1801 .
578 1757 658 1814 ἐμοὶ
688 1790 700 1804 .
737 1790 745 1799 .
787 1791 796 1800 .
818 1759 986 1816 μάλιστα
1009 1757 1215 1817 λελείψεται
1240 1754 1360 1818 ἄλγεα
1385 1754 1519 1818 hypsi.

385 1820 449 1864 Ου’
476 1819 552 1881 γάρ
583 1838 644 1878 μῡι
667 1824 833 1872 θνήσκων
860 1825 997 1882 λεχέων
1021 1825 1062 1865 ἐκ
1097 1833 1227 1881 χεῖρας
1249 1822 1407 1884 ὄρεξας·

388 1883 490 1928 Οὐδὲ
529 1890 569 1929 τί
595 1903 655 1943 μοι
685 1883 779 1938 εἶπες
821 1891 965 1930 mmuh»
994 1887 1104 1941 ἔπος,
1138 1883 1217 1932 αὖτέ
1242 1906 1302 1932 κεν
1333 1888 1405 1932 αἰεὶ
1445 1899 1448 1903 “

386 1949 606 2007 Μεμήμην
637 1954 769 2003 νύκτας
793 1969 834 1995 τε
856 1955 919 1995 καί
948 1949 1079 2010 ἤματα
1102 1952 1360 2014 δακρυχέουσα
1382 1961 1421 2000 2.

254 2010 293 2074 ξ.
330 2029 374 2059 2.
442 2011 723 2078 Simulatque
767 2014 919 2060 anima
959 2013 1108 2061 efflata
1147 2020 1251 2078 ψυχὴ
1297 2033 1489 2082 corpore
1522 2032 1622 2064 eva-

192 2085 314 2123 serat
360 2075 546 2140 (abibat
586 2089 741 2125 autem
785 2079 857 2126 vel
895 2097 979 2144 per
1021 2085 1126 2142 ’έρκες
1172 2085 1321 2129 ὀδόντων
1353 2083 1376 2116 3
1422 2082 1496 2131 vel
1539 2083 1623 2131 κατ’

192 2147 393 2204 &rapam
451 2147 601 2197 ὠτειλὴν
624 2144 677 2205 4)
729 2143 849 2191 oculi
892 2145 1222 2192 claudebantur
1260 2148 1282 2181 ⁵
1328 2158 1374 2195 et
1418 2166 1525 2196 cum
1571 2165 1623 2195 os

178 2212 296 2253 'tum
337 2207 538 2273 reliquae
586 2212 793 2271 corporis
847 2220 998 2274 partes
1057 2211 1221 2258 decore
1277 2215 1625 2278 componeban-

195 2280 288 2320 tur.
357 2274 462 2332 Quo
505 2273 584 2338 pio
629 2275 779 2322 officio
822 2275 890 2323 vel
920 2286 1135 2342 parentes
1175 2277 1516 2344 fungebantur,
1552 2278 1626 2325 vel

1543 2344 1630 2391 ali-

243 2444 280 2488 1)
308 2445 407 2488 Quod
444 2448 572 2483 dicitur
615 2449 747 2494 κτέρεα
788 2448 992 2496 κτερεΐζειν
1038 2453 1103 2489 Od.
1136 2452 1195 2498 II,
1219 2467 1295 2489 222.
1367 2453 1446 2489 Vid.
1477 2452 1630 2487 Patrocli

198 2499 351 2533 manium
378 2503 576 2547 quaerelam
608 2502 648 2539 IL
674 2503 805 2543 XXIII,
831 2507 873 2551 69
896 2518 992 2552 seqq.
1042 2509 1090 2542 Ut
1122 2508 1243 2541 mortis
1279 2506 1501 2542 acerbitatem
1530 2508 1630 2553 quasi

198 2552 368 2600 lenirent,
391 2556 551 2591 dicebant
580 2565 732 2592 mortuos
767 2565 918 2601 καμνετν
949 2562 991 2597 11.
1019 2561 1099 2607 III,
1123 2565 1200 2608 278.
1233 2562 1286 2597 vel
1318 2565 1462 2596 παθεῖν
1493 2574 1531 2594 τι
1563 2562 1626 2599 Od.

202 2607 275 2653 IV,
298 2610 375 2647 820.
409 2610 452 2649 Π.
478 2612 570 2652 XXI,
595 2615 674 2659 274.
835 2613 875 2660 2)
899 2615 941 2651 Il.
966 2615 1098 2661 XXIV,
1124 2619 1188 2663 742
1209 2629 1302 2662 seqq.
1458 2616 1496 2660 5)
1522 2617 1570 2651 Ut
1590 2617 1635 2651 Il.

198 2660 269 2706 IX,
295 2665 374 2710 409.
492 2666 531 2710 4)
557 2667 598 2702 Il.
625 2666 722 2712 XIV,
746 2669 824 2704 518.
952 2672 990 2715 5)
1019 2670 1118 2711 Quod
1151 2679 1204 2705 est
1236 2671 1451 2715 οφθαλμοὺς
1478 2671 1530 2707 vel
1555 2671 1636 2707 ὄσσε

201 2718 399 2764 καθαιρεῖν
433 2729 469 2755 ut
490 2721 554 2760 Od,
572 2721 701 2768 XXIV,
725 2723 803 2767 295.
830 2721 869 2760 Il.
891 2723 954 2769 XI,
979 2726 1057 2762 455.
1083 2725 1180 2762 alibi.
