1780 3120
564 130 1141 203 HOM'ERICA.
1468 164 1555 220 191

141 295 258 356 ἑρκίον
289 305 327 336 s,
349 288 455 352 ἕρκος
474 321 487 343 ,
519 288 561 331 τὸ
587 288 674 347 περὶ
697 285 814 337 αὖλήν
843 289 979 344 τείχιον
1002 292 1019 316 ¹
1035 319 1047 338 ‚
1081 283 1237 346 pinnis
1257 321 1269 340 ‚
1303 290 1481 349 θριγκοῖσι
1500 299 1525 324 2
1541 325 1559 347 ‚

143 357 403 411 munitum,
441 348 567 416 quod
611 357 740 411 χόρτος
781 365 965 414 quoque
1005 347 1174 395 dicitur
1197 349 1235 395 5.
1301 351 1357 397 In
1405 354 1562 401 medio

139 431 301 488 septo,
335 415 465 483 quod
501 424 608 462 ante
639 415 831 460 domum
864 413 1016 461 aulam
1045 415 1213 477 cingit,
1252 424 1384 480 porta
1410 417 1562 479 inest,

143 492 252 549 θύραι
280 488 440 548 εὐεργέες
455 519 467 539 ,
504 480 770 546 duplicibus
793 479 935 527 valvis
954 518 966 537 ‚
1002 484 1146 533 σανίδες
1171 484 1328 535 δικλίδες
1348 519 1359 539 ,
1393 482 1443 528 id
1463 493 1563 543 est,

143 556 301 613 διγόθεν-
334 553 538 610 κλειόμευαι
579 547 735 611 itaque
780 551 915 607 ὃίθυρει
936 545 977 593 4.
1060 548 1189 606 Quae
1243 546 1400 594 valvae
1440 547 1564 598 intus

144 602 448 662 continentur
482 622 615 660 vecte
639 611 818 676 duplici
840 612 861 646 5
878 650 889 671 ‚
925 629 1041 678 quae
1066 612 1353 675 longitudine
1390 613 1562 663 forium

141 681 438 729 latitudinem
474 697 572 726 non
612 677 841 724 excedens
867 695 951 743 per
990 677 1215 733 annulos,
1258 679 1352 725 sive
1386 677 1564 740 ligneos

140 748 239 794 sive
264 747 434 792 ferreos
454 781 466 804 ‚
496 744 744 789 minimum
770 743 885 789 duos
906 779 917 799 ‚
954 744 1162 809 utrisque
1194 744 1360 791 forium
1392 745 1562 793 tabulis

140 811 413 859 insertosin
440 812 673 856 sinistram
702 808 969 855 dextramve
997 819 1179 874 partem
1207 811 1385 857 moveri
1416 809 1565 858 libere

136 885 333 942 poterat.
386 873 568 921 Mediae
597 891 706 921 vero
732 876 854 921 inter
870 884 1089 938 utrasque
1107 874 1257 922 valvas
1284 876 1405 940 posti
1427 879 1566 942 quin..

137 951 213 990 tus
246 950 345 989 erat
370 941 601 989 immissus
634 937 838 985 annulus
864 976 875 996 ‚
914 957 998 1003 per
1023 957 1162 1004 quem
1180 979 1190 997 ‚
1226 942 1410 1006 reliquis
1430 943 1565 990 latio-

135 1023 264 1065 rem,
301 1025 326 1052 a
355 1005 516 1051 dextra
546 1013 592 1050 et
628 1005 809 1051 sinistra
842 1014 971 1068 parte
1001 1006 1203 1069 singulae
1234 1018 1388 1054 vectes
1420 1008 1569 1056 clavis·

134 1071 212 1118 vel
233 1071 320 1118 lori
343 1071 630 1118 extrinsecus
656 1068 907 1134 pendentis
933 1086 1020 1133 ope
1038 1073 1102 1118 ita
1126 1073 1558 1137 conjungebantur,

135 1146 189 1184 ut
216 1137 357 1183 altera
403 1135 595 1182 alteram
629 1137 682 1182 in·
729 1135 898 1183 annulo
932 1136 1109 1183 subiret
1136 1138 1211 1184 vel
1250 1141 1556 1204 praeteriret,

136 1218 226 1249 nec
261 1211 417 1249 tamen
452 1203 654 1249 vectium
708 1202 1018 1248 extremitates
1051 1203 1245 1250 annulos
1285 1207 1558 1254 remotiores

137 1267 453 1327 excederent,
503 1285 595 1333 quo
625 1265 790 1326 fiebat,
842 1278 894 1313 ut
925 1267 1046 1315 fores
1087 1270 1339 1318 introrsum
1378 1274 1559 1320 moveri

139 1342 278 1399 atque
305 1333 420 1380 adeo
446 1334 615 1398 aperiri
643 1350 737 1379 non
764 1343 967 1398 possent.
1037 1335 1112 1383 Sic
1133 1353 1178 1384 v.
1205 1353 1245 1382 c,
1274 1335 1333 1383 de
1361 1336 1561 1401 duplici-

136 1397 226 1447 bus
251 1399 461 1447 vectibus
496 1400 546 1446 in
575 1401 745 1448 Graec.
779 1408 1032 1446 castrorum
1067 1411 1202 1466 porta
1227 1403 1488 1450 Homerus:

150 1482 156 1486 '
270 1498 633 1514 ........
669 1467 753 1511 δοιοὶ
789 1503 798 1513 .
838 1501 850 1511 .
883 1464 1052 1513 ἔντοσθεν
1079 1474 1187 1529 ὀχῆες

267 1529 387 1593 Εἶχον
416 1534 611 1591 έπαμοιβεί
625 1568 637 1589 ,
675 1532 810 1590 μία-δὲ
837 1534 940 1584 alni}
965 1538 1142 1595 ἐπαρήρει
1165 1535 1203 1582 6.

138 1594 303 1660 Itaque
334 1596 414 1661 qui
460 1595 581 1643 fores
630 1594 806 1643 claudit
848 1597 1080 1660 pessulos,
1117 1599 1433 1659 utdiximus,
1471 1618 1558 1649 seu

138 1671 294 1708 vectes
322 1669 603 1708 transversas
636 1663 685 1709 in
713 1661 887 1709 annulo
930 1667 1193 1727 conjungit-‚
1227 1673 1279 1710 ut
1301 1666 1557 1714 introrsum

133 1724 257 1773 fores
298 1728 586 1774 contineant.
668 1725 724 1769 In
764 1742 903 1790 quem
937 1743 1072 1774 usum
1101 1767 1112 1786 ‚
1161 1740 1211 1777 ut
1248 1731 1389 1778 modo
1437 1732 1560 1780 vidi-

133 1806 270 1848 mus,
323 1791 470 1836 etiam⁴
497 1788 784 1838 adhibebant
827 1790 1005 1850 lor-um,
1055 1797 1220 1855 ἱμάντα,
1266 1798 1391 1861 quod
1432 1800 1558 1846 vecti

134 1863 367 1902 extremae
418 1854 604 1901 affixum
641 1872 726 1920 per
771 1866 932 1920 portae
975 1859 1183 1907 foramen
1229 1862 1554 1922 inserebatur,

132 1937 225 1984 quo
260 1920 535 1967 attrahendo
574 1930 726 1968 vectes
764 1939 846 1967 seu
873 1925 1085 1986 pessulos
1124 1927 1174 1972 in
1209 1928 1407 1987 annulo,
1457 1947 1555 1977 me—

132 1988 235 2033 diae
251 1986 372 2033 inter
386 1995 600 2052 utrasque
615 1985 766 2033 valvas
792 1990 912 2052 posti
934 1991 1136 2056 impacto
1152 2031 1161 2049 ,
1192 1995 1554 2059 componebant.

135 2051 277 2111 Quod.
317 2053 548 2099 Homerus
591 2052 706 2103 dlx-it
736 2058 848 2116 θὺρας
881 2058 999 2109 alfii&
1039 2062 1215 2111 ›Ovios-ae
1237 2071 1257 2104 7
1280 2098 1290 2116 ‚
1321 2067 1383 2107 ἐπὶ
1420 2065 1554 2117 xli-iffa

132 2114 324 2166 τοίνυσσειιὲ
358 2125 483 2180 ἱμάντι
505 2119 528 2152 8
560 2118 633 2166 vel
667 2120 902 2182 έπιρῥήσσε-ιυ
923 2133 962 2169 9.
1028 2123 1172 2170 Unde
1211 2127 1351 2173 etiam
1380 2130 1519 2175 vectis
1539 2166 1553 2186 ‚

1473 2212 1557 2241 seu

179 2296 292 2341 1‘)'Ut
310 2297 366 2331 ‘ait'
391 2297 552 2333 Eustath.
574 2297 617 2331 ad
649 2297 714 2334 Od.
737 2299 857 2346 XXII,
881 2304 960 2349 576.
995 2316 1096 2350 quem
1131 2306 1178 2341 cf.
1210 2307 1252 2341 ad
1290 2307 1334 2344 ll.
1368 2308 1439 2355 IX,
1470 2311 1552 2357 469.

133 2347 211 2395 Ipse
247 2355 380 2397 quoque
418 2352 589 2386 Homerus
629 2351 718 2387 dixit
754 2355 868 2398 α’·ιῖλῆς
904 2361 1046 2402 τειχίον
1083 2360 1147 2397 Od.
1182 2361 1291 2407 XVI,
1325 2364 1405 2398 343.
1462 2365 1557 2400 Hine

132 2404 230 2448 αὐλή
271 2405 424 2455 εὖξρκὴς
456 2406 501 2444 Il.
530 2407 601 2453 IX,
627 2408 706 2443 468.
740 2407 806 2445 Od.
830 2411 928 2455 XXI,
961 2415 1039 2459 589.
1157 2415 1205 2460 2)
1228 2416 1314 2453 Vid.
1349 2418 1413 2454 od,
1437 2418 1555 2467 VIII,

130 2460 186 2506 87.
210 2459 332 2506 XVII,
356 2463 436 2509 267.
553 2461 591 2506 5)
617 2461 700 2499 vid.
719 2463 832 2505 schol.
858 2474 893 2501 et.
911 2467 1023 2514 He'yn.
1047 2468 1129 2506 Var.
1152 2471 1266 2508 Lectt.'
1284 2479 1319 2505 et
1338 2472 1480 2510 Observ.
1505 2474 1552 2510 ad

130 2511 278 2559 Il-XI,
313 2517 388 2561 773.
530 2516 568 2560 4)
596 2516 677 2554 vid.
716 2518 831 2557 Schol.
863 2521 905 2555 ad
944 2523 1009 2557 od.
1046 2524 1106 2569 11,
1141 2528 1216 2561 545.
1369 2526 1409 2568 5)
1436 2528 1551 2571 Quam‘

135 2557 400 2602 modothz'da
421 2559 473 2598 Il.‘
490 2561 579 2607 XII,
603 2564 671 2598 455
689 2575 779 2610 seq-,
811 2566 912 2601 modo
934 2569 1028 2612 ὀχῆα
1052 2578 1086 2614 ,⁶²
1108 2569 1234 2616 plurali
1263 2582 1406 2606 numero
1440 2576 1554 2619 ὀχῆας

132 2612 261 2656 passim
293 2615 544 2661 nuncupabant.
678 2617 718 2662 6)
742 2619 784 2655 Il.
806 2620 893 2668 XII,
917 2625 982 2659 455
1001 2637 1071 2671 seq.
1191 2624 1228 2670 7)
1255 2624 1335 2661 Vid.
1364 2626 1422 2661 Od·
1453 2629 1552 2675 XXI‚·.

128 2667 692 2757 222.>4568)vid.od.1,442.
741 2673 793 2712 Cf.
819 2674 1102 2723 1V,802‚'858.
1185 2678 1548 2732 9)v2·d.11.xx1v,

178 2724 223 2765 4,
314 2747 325 2761 ,
986 2759 988 2761 .
1127 2760 1156 2764 .,
