1780 3120
207 160 298 224 ms
565 150 1242 213 ANTIQUITAS

203 289 382 338 dictum
408 297 423 321 ¹
443 323 455 345 ‚
492 285 541 333 id
573 293 670 344 est,
704 293 756 332 ut
784 292 888 349 post
916 282 1025 331 alias
1059 287 1157 349 ejus
1185 282 1310 331 vocis
1343 283 1619 348 interpreta-

205 356 356 402 tiones
392 361 524 399 notat
552 351 823 400 Eustathius
842 387 853 408 ,
888 355 978 404 ὀπὴν
1011 355 1078 403 τὴν
1111 354 1148 395 έν
1170 357 1276 413 μέσῳ
1300 362 1364 403 τῆς
1385 356 1538 414 ὀρσσῆς,
1573 354 1619 405 ἢν

204 428 270 467 καί
316 427 458 469 κάπνην
488 423 552 464 καὶ
584 419 807 470 καπυσδόκην
841 419 991 461 ἐκάλουν
1012 427 1050 461 2.
1116 412 1188 459 Ut
1225 423 1404 462 ceterae
1447 417 1622 480 princi-

199 503 315 551 pum
351 482 535 530 aedium
560 491 742 548 partes,
777 481 841 526 ita
872 487 919 525 et
947 489 1106 544 μέγαρον
1142 477 1516 543 splendidissime
1552 489 1621 527 est

201 560 437 608 ornatum,
474 567 556 595 seu
596 549 795 613 parietes
844 546 1040 606 cogites,
1093 561 1176 589 seu
1221 554 1423 592 ceteram
1470 545 1622 610 supel-

199 616 399 664 lectilem
418 652 428 672 ,
465 632 604 679 quam
628 615 681 660 in
707 609 909 658 Menelai
934 611 1057 674 regia
1089 608 1380 658 demirantur
1413 610 1619 660 Nestoris

200 692 248 730 et
276 681 458 744 Ulyssis
489 680 598 737 filii,
632 695 829 744 quorum
864 676 941 724 hic
972 676 1031 723 ad
1059 676 1379 722 Pisistratum:

328 752 505 810 Φραζεσ,
538 747 776 809 Νεστορίδη,
808 741 873 804 tq?
905 747 966 805 μῴ
989 750 1237 805 κεχαρισμένε
1268 745 1375 805 θυμῷ
1393 777 1408 801 ,

285 827 293 835 “
328 816 484 859 Χαλκοῦ
511 832 552 859 τε
583 817 762 875 στεροπὴν
787 809 864 856 uest)
888 810 1047 870 δώματα
1075 813 1241 869 ἠχήεντα
1258 844 1270 862 ,

326 882 478 942 Χρυσσῡ
506 878 564 935 τ’,
598 882 774 938 ἠλέκτρου
805 895 870 931 τε,
905 880 969 920 καὶ
1002 879 1162 936 ἀργύρσυ
1183 909 1195 930 ,
1226 873 1287 925 ἠδ’
1310 874 1519 937 ἐλέφαντος.

328 947 446 996 Ζηνός
466 963 534 990 πσυ
557 947 678 994 ,τπήδε
709 942 744 1004 7'
768 942 976 1000 Ὀλυμπίου
995 938 1138 985 ’ένδσθεν
1162 941 1273 990 αὐλή.

302 1012 446 1055 ‘'oo-w
475 1005 560 1055 τάδ’
578 1007 728 1052 ἄσπετα
755 1007 895 1051 πολλά·
936 1007 1055 1062 σέβας
1089 1004 1127 1062 μ’
1153 1003 1234 1064 ἔχει
1251 1008 1465 1067 εἶσσρέωυτα
1488 1004 1525 1050 5.

193 1074 252 1123 In
291 1090 383 1138 qua
411 1072 686 1137 supellectili
718 1069 769 1115 in
810 1068 974 1131 primis
1015 1066 1310 1114 celebrantur
1350 1069 1482 1115 sedes
1505 1069 1529 1103 4
1557 1068 1615 1115 ad

192 1141 394 1204 parietes
431 1136 743 1202 undequaque
793 1134 1064 1198 dispositae,
1115 1131 1285 1197 quibus
1321 1133 1412 1198 ipsi
1442 1134 1617 1181 inside-

187 1205 334 1262 bant,
370 1212 637 1268 ceterosque
666 1201 965 1247 adventantes
996 1197 1309 1262 excipiebant.

322 1271 388 1316 'Eu
418 1272 457 1317 δὲ
482 1274 596 1331 θρόνα
623 1273 706 1331 περὶ
738 1279 858 1326 τσῖχσν
888 1263 1083 1328 ἐρηρέδατ’
1109 1264 1198 1310 ἔνθα
1232 1268 1296 1309 καί
1321 1261 1414 1310 ’ἔνθα

325 1337 391 1388 Ἐς
421 1339 541 1395 μυχὸν
567 1336 609 1388 ἐξ
641 1336 749 1380 οὐδοῖο
779 1335 978 1395 διαμπερές
1000 1329 1040 1378 5.

191 1398 294 1446 Nec
331 1399 513 1444 minore
550 1400 703 1462 pretio
739 1395 888 1442 habiti
929 1405 1035 1441 sunt
1065 1402 1265 1441 crateres
1299 1391 1534 1457 splendidi
1557 1396 1579 1431 6
1599 1433 1613 1455 ,

193 1464 274 1529 qui
301 1468 341 1510 τὸ
363 1472 523 1527 μέγαρον
553 1461 746 1509 intranti
777 1458 836 1506 ad
879 1460 1114 1507 sinistram
1152 1460 1399 1525 compositi
1425 1471 1533 1507 sunt
1562 1463 1613 1508 in

187 1530 322 1587 loco,
371 1545 510 1594 quem
559 1530 728 1592 ἀνδρῶνα
762 1524 880 1572 dixit
923 1525 1199 1572 Scholiastes
1223 1536 1261 1572 7.
1329 1524 1454 1572 Hinc
1489 1526 1613 1575 inter

187 1611 354 1662 procos
382 1595 629 1641 Antinous:

311 1660 501 1723 ’'opimo-9³
536 1662 652 1714 ἑξείης
685 1659 850 1712 ἐπιδέξια
885 1658 1018 1709 πάντες
1042 1661 1203 1716 ἐταῖρσι,

319 1727 541 1786 Ἀρξοίμευσι
567 1735 627 1772 τοῦ
648 1731 770 1787 χώρου
786 1761 798 1781 ,
828 1726 910 1770 ὅθεν
933 1731 973 1769 τέ
999 1741 1070 1783 περ
1097 1723 1266 1782 οἷυοχεὺει
1286 1717 1328 1766 8.

189 1800 237 1839 et
258 1789 317 1838 de
340 1789 537 1836 Phemio
565 1791 825 1836 Homerus:

305 1860 421 1903 fffizoz
448 1863 466 1902 ὁ
490 1863 677 1919 φόρμιγγα
700 1859 893 1918 γλαφυρὴν
921 1853 1102 1903 κατέθηκε
1132 1858 1314 1911 χαμᾶζε,

330 1925 537 1985 Μεσσηγυς
566 1932 747 1986 κρητῆρες
779 1922 831 1968 ἰδὲ
856 1923 980 1982 &pivs-a
1003 1918 1229 1980 ἀργυροήλου
1252 1926 1292 1962 9.

1553 1983 1612 2033 In

237 2117 273 2161 1)
300 2118 380 2155 vid.
403 2118 468 2155 Od.
492 2117 531 2162 I,
555 2119 635 2152 520.
664 2123 699 2149 et
723 2121 814 2149 auct.
837 2112 897 2147 cit·
927 2110 969 2145 ab
996 2109 1150 2145 Nitzsch.
1172 2108 1215 2143 ad
1237 2108 1261 2144 l.
1284 2108 1310 2146 l.
1358 2109 1412 2146 Cf.
1436 2110 1550 2146 Schol.
1573 2122 1608 2149 et

185 2172 334 2217 Interpr.
369 2185 513 2217 quorum
545 2172 607 2206 alii
635 2171 738 2204 aliter
765 2169 878 2204 locum
916 2165 1162 2210 explicuerunt.
1282 2166 1320 2206 2)
1347 2164 1398 2198 Ad
1435 2165 1499 2201 Od.
1524 2166 1546 2202 l,
1581 2167 1606 2202 l-

183 2228 223 2271 5)
250 2228 314 2262 Od.
341 2226 412 2271 IV,
439 2240 476 2273 71
501 2239 595 2272 seqq.
644 2225 695 2260 Cf.
722 2224 762 2258 de
783 2222 920 2258 Alcinoi
941 2221 1035 2264 regia
1057 2218 1224 2258 Od.V11‚
1248 2220 1293 2252 80
1312 2230 1406 2264 seqq.
1452 2218 1504 2252 De
1531 2233 1609 2255 me-

179 2281 276 2316 tallis
310 2281 376 2317 vid.
402 2293 459 2314 nos
483 2281 608 2326 passim
624 2309 633 2323 ‚
657 2279 771 2324 Heyn.
789 2306 798 2323 ,
825 2277 981 2321 Koppen·
1004 2282 1038 2309 et
1059 2274 1211 2308 Nitzsch-
1232 2273 1275 2307 ad
1303 2274 1414 2307 varios
1429 2273 1550 2309 Iliadis
1573 2284 1609 2312 et

183 2336 357 2381 Odysseae
379 2335 494 2370 locos:
522 2334 567 2370 G.
596 2333 639 2369 G.
675 2334 709 2367 S.
733 2331 876 2377 Ksspke,
912 2330 997 2364 iiber
1027 2328 1085 2363 das
1114 2328 1344 2372 Kriegswesen
1371 2336 1434 2364 etc.
1471 2328 1554 2374 Cap.
1572 2344 1605 2368 2.

182 2394 215 2437 ς.
236 2393 258 2425 4
282 2403 374 2436 seqq.
402 2404 434 2435 p.
455 2402 502 2426 m.
525 2391 567 2423 55
601 2400 692 2433 seqq.
732 2395 766 2421 et
800 2389 839 2422 A.
877 2387 917 2420 L.
952 2383 1094 2428 Millin,
1115 2382 1342 2426 Mineralogie
1370 2383 1605 2430 Homerique,

184 2458 287 2490 quem
308 2446 438 2480 librum
462 2445 582 2479 Germ.
617 2442 769 2476 reddidit
801 2441 841 2478 F.
870 2439 938 2476 Th.
963 2437 1067 2474 Rink.
1102 2436 1336 2481 Kiiningsberg
1366 2438 1434 2471 und
1454 2438 1606 2484 Leipzig.

182 2502 245 2535 Ao.
271 2502 370 2546 1793.
419 2499 471 2534 ef.
496 2499 643 2543 Goguet.
669 2498 718 2543 Op
739 2496 763 2532 l.
784 2495 925 2540 passim.
972 2493 1025 2527 De
1050 2492 1177 2527 electro
1207 2492 1341 2536 egregia
1371 2500 1423 2527 est
1453 2492 1603 2528 Gesneri

180 2553 307 2598 disput.
333 2556 369 2588 in
387 2566 511 2588 comm.
536 2553 640 2588 Aead.
656 2551 783 2585 Scient·
802 2549 956 2593 Gotting.
983 2545 1162 2584 Tom.111.
1186 2559 1220 2591 p.
1237 2548 1278 2591 67
1298 2559 1392 2592 seqq.
1483 2547 1522 2591 4)
1548 2547 1602 2582 De

182 2608 307 2653 quibus
335 2608 444 2642 fusius
469 2607 599 2652 egimus
636 2607 677 2642 L.
698 2605 764 2640 111.
791 2617 820 2640 c.
837 2607 871 2639 5·
897 2607 928 2651 ᾗ.
951 2617 967 2638 1
993 2615 1065 2647 seq.
1178 2601 1218 2646 5)
1243 2601 1308 2637 Od.
1340 2602 1429 2647 vn,
1454 2603 1496 2647 95
1529 2614 1603 2647 seq.

181 2662 221 2705 6)
248 2662 299 2696 De
330 2662 453 2708 quibus
487 2662 586 2707 plura
610 2661 677 2696 vid.
711 2661 751 2695 L.
772 2659 840 2695 ΙΙΙ.
875 2671 905 2694 c.
928 2671 962 2693 2.
996 2660 1029 2704 §.
1055 2657 1090 2699 4,
1111 2656 1147 2692 5.
1268 2656 1304 2702 7)
1332 2657 1383 2691 Ad
1415 2656 1479 2692 Od.
1502 2655 1602 2699 XXI,

183 2717 262 2751 142.
387 2716 426 2760 8)
453 2716 516 2752 Od.
539 2717 581 2754 Ι..
601 2716 627 2754 l.
649 2727 698 2753 vs.
720 2716 781 2752 141
808 2725 878 2758 seq.
925 2711 978 2748 Cf.
1003 2711 1042 2752 L,
1060 2709 1128 2748 111.
1161 2721 1190 2747 c.
1215 2712 1247 2748 5.
1280 2714 1314 2757 §-
1334 2713 1366 2748 6.
1469 2710 1507 2756 9)
1533 2709 1598 2747 Od.

172 2767 268 2803 XXII
285 2796 296 2815 ,
319 2770 387 2806 340
407 2781 480 2816 seq.
