1780 3120
191 140 257 203 M
555 138 1245 207 ANTIQUITAS

193 288 309 339 quae
343 272 626 321 carminibus
670 274 857 339 magicis
888 293 976 341 ope
1008 275 1287 325 daemonum
1323 278 1485 326 nefarii
1517 279 1602 326 ho<

191 339 338 385 mines
365 338 485 385 varie
515 338 744 395 afficiunt.
811 342 984 404 Ἐπῳδὴν
1018 343 1182 390 Graeci
1224 343 1463 402 dixerunt,
1511 348 1601 392 La-

186 404 274 450 tini
312 403 675 450 incantationem
698 441 709 461 ‚
754 421 872 469 quae
918 407 975 453 ab
1027 407 1231 454 Homero
1281 409 1443 472 pellaci
1487 411 1605 456 Sire-

182 485 298 515 num
323 478 463 521 cantu
487 484 700 531 expressa
726 479 808 516 est.
876 471 978 517 Hac
1002 481 1210 518 mentem
1234 473 1474 523 hominum
1503 476 1604 521 alie-

189 533 290 580 nari
328 550 380 580 ac
416 532 563 581 veluti
590 533 648 579 de
680 534 789 581 sede
826 552 906 581 sua
940 537 1077 598 dejici
1107 537 1334 583 creditum
1365 547 1446 584 est.
1515 539 1606 586 Sed

189 597 391 646 maxime
418 598 688 646 admiranda
721 610 921 665 potestas
956 603 1194 666 Magorum
1228 604 1279 649 in
1316 604 1611 651 transforma-

188 662 394 710 tionibus
427 681 534 710 cum
578 665 649 711 sui
669 703 680 721 ‚
728 675 829 711 tum
858 666 1076 725 aliorum,
1121 686 1257 732 quam
1290 669 1340 714 in
1369 668 1533 715 Proteo
1567 679 1614 716 et

195 729 328 775 Circe
355 727 565 776 exhibuit
599 731 845 778 Homerus.
914 731 1092 779 Verum
1126 734 1252 779 enim
1288 750 1397 779 vero
1417 771 1428 790 ‚
1465 736 1616 798 pergit

193 793 352 848 Idem,
388 793 609 842 adversus
632 796 817 843 noxiam
853 797 974 845 hanc
1007 799 1240 862 Magorum
1261 799 1382 857 vim,
1418 800 1617 857 α’ντίδοτα,

194 857 404 916 remedia
434 877 617 925 quoque
653 861 879 910 nonnulla
921 872 1098 911 veteres
1140 863 1428 923 habuerunt;
1470 865 1617 930 qualis

194 923 342 977 herba
368 928 475 986 μῶλυ
516 944 542 972 a
569 926 800 973 Mercurio
829 927 988 992 Ulyssi
1017 928 1237 976 adversus
1267 929 1420 975 Circes
1454 930 1619 978 incan-

198 990 393 1036 tationes
426 989 531 1037 data
557 1004 591 1038 1.
663 992 906 1039 Caeterum
940 993 1177 1041 adhibitae
1209 1011 1392 1059 quoque
1425 995 1475 1041 in
1505 994 1622 1041 salu-

201 1063 299 1100 tem
338 1055 675 1103 incantationes
728 1057 1018 1121 depellendis
1055 1058 1260 1117 morbis3
1304 1068 1356 1105 ut
1389 1059 1448 1106 ab
1483 1064 1621 1108 Auto-

199 1117 293 1184 lyci
324 1120 432 1168 filiis
452 1121 502 1167 in
531 1121 715 1186 Ulyssis
739 1122 932 1170 vulnere
959 1123 1129 1169 factum
1162 1124 1302 1170 refert
1325 1124 1589 1175 Homerus:

398 1192 532 1241 Δῆσαν
550 1190 830 1250 ἐπισταμένως·
865 1192 1018 1252 ἐπαοιδῇ
1043 1187 1081 1236 δ’
1105 1190 1203 1250 αἷμα
1232 1193 1395 1236 κελαινὸν

382 1252 579 1314 ”Εσχετσν
601 1265 639 1288 2·

268 1316 310 1380 ξ.
349 1315 396 1364 3.
464 1318 591 1376 Quas
621 1318 857 1383 superiore
874 1319 1159 1384 paragrapho
1179 1339 1205 1366 a
1232 1318 1346 1366 Viro
1369 1319 1504 1367 Doct.
1531 1338 1629 1369 me-

204 1391 402 1431 moratas
419 1382 634 1430 dedimus
663 1384 998 1431 incantationes
1029 1395 1075 1431 et
1103 1385 1163 1431 ab
1185 1402 1243 1432 eo
1268 1384 1334 1431 ita
1359 1395 1627 1450 nuncupata

205 1449 373 1495 ἀντίόἓτα
395 1448 446 1494 in
480 1448 689 1494 Homero
716 1449 855 1495 obvia
880 1450 1072 1511 quidem
1102 1459 1241 1496 sunt:
1279 1459 1325 1496 at
1351 1467 1411 1496 ne
1438 1450 1552 1498 falso
1577 1468 1631 1499 ea

207 1514 569 1578 interpretemur
587 1530 844 1561 caveamus.
890 1515 1105 1562 Sirenum
1123 1517 1248 1562 enim
1267 1551 1278 1573 ‚
1312 1523 1364 1561 ut
1388 1515 1479 1562 hoc
1497 1525 1602 1563 utar
1619 1555 1631 1576 ‚

209 1578 361 1626 fabula
390 1596 478 1625 nec
503 1581 679 1642 magiae
714 1581 767 1627 in
808 1578 1034 1627 elementa
1065 1580 1255 1627 effectus
1294 1580 1428 1627 nobis
1456 1581 1632 1643 signifi-

210 1660 314 1702 care
349 1643 494 1691 voluit
535 1644 710 1701 Poeta,
744 1661 830 1691 nec
873 1646 1089 1708 cogitavit
1129 1644 1336 1711 quidem.
1401 1645 1513 1692 Fuit
1557 1646 1635 1694 illa

213 1709 479 1757 communis
508 1718 554 1756 et
581 1718 797 1763 constans
841 1726 923 1755 suo
956 1720 1166 1773 tempore
1198 1709 1443 1756 hominum
1477 1710 1536 1758 de
1566 1712 1635 1758 Si-

211 1775 408 1824 renibus
443 1775 628 1836 opinio,
666 1793 805 1841 quam
845 1783 898 1821 ut
936 1775 1086 1822 fidelis
1128 1776 1228 1822 aevi
1265 1776 1337 1821 sui
1375 1774 1636 1841 descriptor

214 1839 352 1889 nobis
374 1838 596 1898 tradidit,
634 1838 895 1907 aequalium
931 1857 1122 1887 suorum
1165 1840 1310 1887 cultui
1343 1843 1640 1905 etsupersti-

216 1906 338 1952 tioni
376 1914 733 1953 consentaneam
755 1944 766 1964 ,
800 1907 932 1971 cujus
963 1905 1307 1971 simplicitatem
1351 1914 1396 1952 et
1426 1923 1532 1953 vero
1555 1906 1638 1954 de-

220 1970 518 2018 lectationem
552 1988 611 2017 ne
642 1971 1012 2036 philosophando
1034 1971 1168 2018 nobis
1208 1972 1435 2035 posterior
1464 1972 1637 2020 auferat

220 2046 357 2083 aetas.
440 2036 511 2081 De
540 2036 707 2100 quibus
750 2039 959 2084 universe
1005 2037 1094 2084 hoc
1129 2046 1393 2083 teneamus:
1443 2038 1638 2101 magiam

221 2120 317 2150 non
346 2100 473 2149 velut
503 2111 650 2148 artem
682 2121 707 2148 a
740 2104 886 2150 Poeta
923 2120 1021 2150 esse
1050 2102 1334 2166 descriptam
1355 2136 1370 2157 ‚
1404 2119 1494 2149 nec
1531 2119 1639 2150 eum

222 2183 376 2230 magos
406 2183 515 2230 prae
560 2169 727 2214 ceteris
762 2171 863 2232 ejus
903 2169 1011 2214 artis
1049 2169 1218 2232 peritos
1240 2204 1251 2224 ‚
1300 2184 1388 2214 nec
1434 2168 1640 2217 remedia

225 2234 442 2296 cogitasse
471 2249 522 2278 ea
552 2234 825 2297 praesertim
842 2244 1000 2281 mente
1037 2234 1284 2297 excogitata
1303 2270 1315 2290 ‚
1352 2232 1521 2297 quibus
1547 2252 1645 2282 ma-

227 2299 324 2360 giae
349 2298 441 2344 vim
474 2308 747 2345 averterent.
816 2300 946 2358 Quae
989 2299 1098 2346 olim
1133 2300 1247 2345 facta
1279 2307 1390 2343 tuuc
1422 2302 1643 2365 temporis

222 2362 487 2410 serebantur
512 2364 732 2425 tradidit,
766 2363 832 2411 nil
861 2375 1096 2430 praeterea
1125 2365 1344 2427 cogitans.

279 2682 315 2727 ³)
341 2682 404 2718 od.
431 2683 475 2728 X,
502 2684 577 2719 505.
734 2682 772 2727 2)
799 2682 865 2716 Od.
891 2681 984 2729 XIX,
1010 2684 1073 2728 457
1098 2693 1167 2731 seq.
1545 2730 1581 2777 C
1613 2732 1638 2785 Χ

1598 2757 1612 2778 Α
1641 2758 1658 2768 0
