1780 3120
601 129 1181 190 HO‘M'ERICA.
1505 142 1602 208 139

183 274 446 348 proferebat
483 271 558 338 (ut
594 272 762 322 natura
799 271 860 320 ad
907 271 1143 318 fortiorem
1182 280 1344 337 potum
1381 273 1596 321 homines

184 344 323 410 proni
362 340 505 403 sunt)
539 356 776 405 expressas
810 339 863 385 in
895 353 1195 384 communem
1227 354 1364 383 usum
1400 340 1598 403 paravit.·

182 412 360 459 Heroes
388 415 512 454 certe
538 408 650 453 vino
677 404 1045 471 frequentissime
1091 403 1364 459 utebantur,
1403 405 1517 450 adeo
1545 413 1597 452 ut

178 476 350 541 passim
377 472 436 519 ab
464 473 668 519 Homero
697 476 1032 534 conjungantur
1058 485 1151 523 σῖτςς
1182 474 1245 515 καὶ
1269 467 1368 521 οῗυες.

312 572 668 587 ........
705 543 758 584 Τὸ
788 544 863 599 γὲρ
885 544 986 597 μένας
1015 541 1094 583 ἐστὶ
1118 543 1180 583 καί
1216 538 1312 587 ἀλκή
1339 545 1379 591 1,

175 605 327 671 inquit
369 604 586 668 Ulysaes,
623 605 701 669 qui
745 605 983 666 utriusque
1013 604 1338 648 necessitatem
1367 607 1413 646 et
1443 597 1491 646 in
1518 598 1598 647 he-

178 687 313 718 roum
347 672 522 718 animos
549 669 867 716 essicacitatem
894 670 957 714 ita
987 667 1246 714 collaudat:

291 739 374 790 ’Ὸς
406 770 419 783 .
458 771 468 781 .
504 737 539 781 κ’
562 742 658 797 ἀνὴρ
688 742 787 781 οἴνοιο
817 743 1082 796 κςρεσσάμενος
1106 738 1170 779 καί
1196 733 1331 787 ἐδωδῆς

300 799 486 864 Ἀνδρέω-ι
508 802 748 862 δυσμενέεσσι
773 807 993 862 πανημέριες
1021 803 1198 861 πολεμίζῃ
1216 835 1228 856 ,

311 870 532 929 &apo-alcion
559 873 601 912 νύ
620 873 650 914 οἱ
678 865 767 928 ἧτσρ
794 870 842 910 ἐνὶ
867 870 996 929 φρεσίν
1013 903 1024 925 ,
1062 867 1142 912 οὐδέ
1174 885 1209 910 τι
1237 877 1325 927 γυῖα

307 935 411 994 Πρὶν
440 941 602 994 κάμνει,
635 937 721 995 πρὶν
751 939 893 984 πάντας
915 937 1078 994 ἐρωῆσαι
1107 934 1276 990 πελέμσιο
1298 942 1338 976 2.

167 993 268 1042 Nec
310 1005 492 1043 tantum
533 997 648 1055 viri,
685 995 767 1042 secl
807 1003 853 1041 et
895 996 1124 1054 feminae,
1171 996 1378 1061 juniores
1425 993 1594 1054 etiam,

164 1062 327 1109 vinum
357 1061 657 1123 hauriebant,
706 1069 758 1106 ut
790 1061 1016 1108 Nausieae
1052 1070 1098 1107 et
1131 1076 1245 1124 quae
1291 1059 1416 1106 illam
1454 1062 1602 1106 comi-

164 1125 382 1173 tabantur
410 1127 616 1192 puellae,
657 1125 826 1194 quibus
845 1163 856 1184 ,
891 1136 943 1173 ut
971 1135 1122 1175 vestes
1142 1126 1322 1185 lavent,
1354 1124 1593 1192 prosectu-

161 1192 226 1242 ris
260 1194 448 1240 Alcinoi
480 1197 652 1258 conjux

295 1292 755 1307 ..........
790 1265 828 1306 ἐν
853 1259 889 1305 δ’
908 1254 996 1305 οἶνον
1020 1257 1150 1320 ἔχευεν

296 1322 435 1387 Ἀσκῷ
457 1330 493 1370 ἐν
521 1329 647 1387 αἰγείῳ
669 1325 709 1373 5·

162 1388 290 1447 Quin
320 1388 572 1436 infantibus
607 1390 747 1435 etiam
774 1389 937 1438 vinum
976 1387 1263 1453 praebebant
1284 1426 1294 1446 ‚
1328 1397 1382 1434 ut
1409 1386 1586 1435 Achilli

158 1453 373 1500 Phoenix
395 1454 431 1502 4.
499 1455 609 1502 Vini
637 1455 775 1516 igitur
798 1456 1019 1501 suavitate
1040 1464 1199 1518 captos
1227 1471 1315 1500 nec
1340 1455 1406 1501 vis
1424 1453 1583 1511 latuit,

157 1536 296 1584 quam
325 1520 372 1566 in
400 1536 477 1566 eos
497 1558 508 1579 ,
542 1520 621 1584 qui
649 1519 821 1584 largius
862 1535 917 1565 eo
954 1528 1168 1579 utantur,
1203 1535 1416 1567 exercere
1441 1520 1586 1566 soleat

158 1585 246 1639 οἶνος
274 1587 452 1647 μελιηδής
475 1621 488 1643 ,

287 1683 895 1699 .............
924 1654 1004 1705 ἐ’ςτε
1026 1656 1090 1697 καί
1111 1649 1245 1704 ἄλλους

287 1720 451 1763 Βλσὶπτει
468 1753 480 1774 .,
513 1717 551 1770 ὃς
583 1719 633 1762 σ’ἱν
658 1738 722 1776 μιν
744 1719 879 1778 χανδὸν
901 1721 992 1778 ἕλῃ,
1027 1718 1118 1778 μηδ’
1143 1723 1280 1776 αἴσιμα
1306 1723 1391 1776 πίνῃ
1415 1715 1452 1762 5.

155 1779 258 1838 Qua
277 1780 337 1826 de
371 1797 504 1826 eausa
532 1780 810 1827 immodicus
838 1785 939 1846 ejus
970 1798 1079 1828 usus
1109 1780 1329 1828 heroibus
1357 1781 1579 1830 dedecori

154 1842 427 1892 ducebatur.
494 1847 892 1908 Agamemnonem
937 1848 1063 1892 enim
1108 1846 1370 1910 opprobriis
1411 1857 1578 1911 petens

155 1909 340 1957 Pelides
387 1911 623 1957 ebrietatis
667 1928 772 1956 eum
822 1913 1004 1957 incusat
1040 1920 1087 1958 et
1128 1916 1342 1975 οἱυσβαρὲς,
1393 1913 1574 1978 inquit,

151 1981 254 2030 κυνὲς
284 1976 424 2037 'iuuat'
446 1976 547 2037 ἔχων
574 1998 609 2022 κ.
641 1996 676 2023 τ.
717 1980 755 2023 λ.
778 1977 816 2024 6.
885 1976 1020 2023 Idem
1056 1978 1249 2024 Achivis
1278 1978 1390 2026 vitio
1430 1979 1573 2026 vertit:

152 2039 350 2099 Nestor,
387 2059 495 2088 eum
546 2041 631 2088 sub
671 2041 779 2088 solis
814 2058 1025 2089 oceasum
1057 2043 1109 2089 in
1149 2044 1419 2090 concionem
1459 2061 1574 2091 con-

149 2109 386 2171 venissent
409 2115 491 2170 εὶύῳ
521 2110 753 2170 βεβαρηότες
778 2120 814 2156 7.
884 2113 989 2171 Οἴνῳ
1023 2113 1226 2171 [Ξεβαρηώς
1269 2118 1422 2155 autem
1457 2109 1574 2157 dici-

149 2179 247 2229 tur,
285 2190 423 2237 quem
456 2174 504 2218 in
539 2174 702 2219 vinum
728 2174 996 2237 proniorem
1034 2175 1180 2221 nimio
1228 2175 1397 2221 haustu
1428 2176 1571 2222 animi

149 2240 404 2285 constantia
444 2238 662 2286 deseruit.
732 2240 856 2285 Hinc
897 2239 1102 2287 mendiCi
1148 2257 1393 2305 personam
1430 2241 1571 2287 indu·

149 2310 225 2347 tus
265 2312 309 2349 et
335 2314 507 2350 sortem
536 2322 667 2350 suam
694 2302 852 2368 lugens
884 2304 1077 2370 Ulysses
1113 2307 1165 2353 in
1204 2306 1464 2372 Penelopes
1492 2305 1571 2353 do·

148 2382 225 2412 mo
254 2367 469 2418 desidens
499 2371 631 2417 timet
1518 2438 1540 2484 I

1491 2439 1519 2485 R
1542 2446 1566 2492 ri

195 2574 232 2618 1)
255 2574 299 2612 Il.
323 2576 421 2622 XIX,
447 2583 525 2616 161.
650 2580 688 2623 2)
716 2580 755 2617 Il.
784 2581 822 2617 L.
841 2582 866 2619 l.
889 2596 938 2617 vs·
963 2585 1028 2628 167
1047 2595 1142 2628 seqq.
1267 2581 1304 2625 5)
1330 2580 1396 2617 01³.
1423 2580 1495 2626 VI,
1519 2594 1561 2629 77

143 2641 237 2675 seqq.
331 2631 371 2674 4)
397 2633 476 2670 vid.
502 2634 544 2669 11.
563 2635 631 2680 IX,
656 2638 721 2682 487
739 2647 808 2681 seq.
904 2637 944 2682 5)
968 2639 1034 2674 Od.
1060 2637 1132 2671 XXI
1148 2664 1158 2683 ,
1182 2638 1247 2682 ²93
1270 2647 1362 2682 seqq.
1454 2636 1493 2682 6)
1517 2637 1565 2675 Π.

144 2683 183 2728 1,
206 2685 271 2718 225
293 2696 387 2730 seqq⁴
485 2689 522 2735 7)
549 2691 628 2725 wid.
655 2691 717 2726 od.
743 2690 822 2731 111,
849 2693 923 2738 139.
