1780 3120
549 152 1187 259 lfoMssaicAf·
1447 155 1547 242 φᾶ

123 309 233 365 cum
267 309 636 370 E'reuthalioneff
666 312 748 378 qui
772 327 897 357 arma
926 308 1016 358 sibi
1037 306 1256 357 induerat
1287 304 1501 356 Areithoi
1521 328 1542 368 ,»

124 371 199 429 cui
217 385 426 442 Κορυνήτου
449 389 466 419 ¹
502 396 757 444 cognomen
786 377 846 424 ab
874 374 1139 442 aequalibus
1174 375 1321 420 fuerat
1348 374 1531 433 datum,

264 444 403 492 Οὕνεχ’
425 445 488 507 ἄρ’
511 452 550 493 οὐ
580 449 712 501 τόξοισι
738 454 973 506 μαχέσκετο,
1006 445 1110 505 δουρί
1129 461 1168 487 τε
1199 444 1360 503 μακρῷ,

252 506 372 558 Ἀλλὰ
399 515 561 576 σιδηρείῃ
598 518 726 575 κορύνῃ
758 512 940 574 ῥηγνυσκε
966 513 1158 572 φάλαγγας
1179 518 1217 551 ².

122 577 284 642 Itaque
347 581 405 624 ad
467 577 805 626 antehomerica
858 577 1124 638 pertinent,
1184 588 1302 637 quae
1375 572 1536 620 retulit

118 642 308 689 Nestor.
378 643 450 689 Ex
483 646 564 702 iis,
600 646 679 710 qui
715 641 771 688 ad
820 641 1007 706 Troiam
1048 646 1347 703 pugnarunt,
1380 636 1530 688 heroi·

116 705 205 759 bus
241 707 395 757 nullus
432 719 527 771 est,
565 712 640 759 cui
683 708 810 758 clava
855 708 907 756 in
940 706 1080 756 armis
1125 703 1265 751 fuisse
1308 701 1532 753 traditum

115 781 190 825 sit.

418 1125 767 1193 CAPUT
846 1125 1224 1174 Nomou

464 1296 532 1331 nt:
581 1299 751 1341 Equis
795 1297 868 1328 nr
911 1296 1198 1330 conamus,

176 1488 216 1552 §.
261 1506 300 1537 1.
369 1457 731 1554 Antiquissimo
769 1496 816 1534 et
857 1486 1113 1535 fabularum
1162 1484 1278 1533 adeo
1320 1484 1529 1535 tenebris

114 1551 387 1603 abscondito
419 1553 572 1601 adhuc
607 1563 846 1618 tempore,
881 1553 933 1599 in
964 1570 1099 1599 suurn
1134 1568 1269 1598 usum
1302 1568 1527 1617 equorum

113 1620 230 1665 vires
263 1629 530 1666 convertere
562 1628 792 1666 noverunt
824 1619 1037 1665 homines
1060 1655 1073 1676 ‚
1107 1627 1159 1664 ut
1193 1616 1272 1665 vel
1301 1634 1357 1664 ex
1383 1618 1439 1664 iis
1465 1619 1528 1665 in-

69 1717 72 1722 >
110 1683 356 1748 tessigssur,
380 1702 495 1750 quae
515 1685 573 1732 de
596 1686 836 1732 Centauris
862 1684 1054 1731 tradidit
1078 1684 1341 1750 antiquitas.
1379 1688 1530 1749 Equos

109 1748 284 1797 scilicet
324 1750 394 1797 vel
431 1750 642 1797 curribus
669 1750 948 1815 jungebant,
986 1768 1106 1815 quos
1149 1748 1414 1805 traherent,
1453 1749 1527 1797 vel

112 1826 250 1861 onera
289 1817 344 1862 iis
384 1817 605 1881 portanda
647 1816 981 1880 imponebant,
1031 1815 1102 1861 vel
1140 1816 1317 1880 equites
1360 1812 1529 1864 iisdem

111 1879 389 1927 insidebant.
478 1881 735 1946 Equitandi
784 1898 892 1927 vero
936 1898 1045 1927 usus
1092 1896 1409 1944 equorumque
1444 1881 1530 1926 fin-2

113 1944 365 2008 gendorum
399 1948 565 2011 peritia
599 1947 648 1993 in
695 1946 1052 1993 desuetudinem
1100 1947 1264 1992 abiisse
1306 1944 1382 1990 vel
1425 1941 1557 1992 Ho‘-''

111 2011 231 2057 meri
274 2011 538 2078 aequalibus
585 2012 736 2073 ignota
788 2012 925 2058 fuisse
974 2010 1208 2071 videntur.
1287 2011 1531 2069 Quantum

113 2077 239 2122 enim
281 2093 337 2124 ex
377 2078 547 2125 Poetae
587 2077 871 2125 carminibus
919 2086 1074 2143 patet,
1109 2094 1196 2125 nec
1230 2077 1362 2140 equis
1390 2078 1534 2124 vehe-

111 2139 279 2191 bantur
303 2143 490 2203 heroes‚
527 2162 615 2193 nec
647 2161 701 2190 ex
744 2144 798 2189 iis
834 2160 1039 2208 pugnare
1082 2150 1332 2191 noverant:
1369 2143 1454 2191 sed
1483 2144 1534 2194 in

112 2223 251 2256 curru
277 2208 522 2260 adstabant
549 2210 621 2260 vel
650 2207 832 2275 pedites
867 2210 1214 2259 contendebant
1236 2207 1274 2253 5.
1558 2243 1562 2245 -

1413 2277 1453 2341 §.
1490 2293 1538 2328 2.

156 2416 195 2463 ι)
217 2417 262 2455 Il.
291 2419 386 2466 VH,
411 2433 432 2467 9
457 2429 493 2456 et
517 2423 591 2458 138.
710 2419 748 2464 α)
773 2419 816 2455 ΙΙ.
841 2419 881 2455 L.
912 2420 937 2455 l.
976 2432 1026 2457 vs.
1061 2421 1128 2457 140
1161 2433 1233 2466 seq.
1282 2421 1387 2466 Fuit,
1411 2420 1529 2468 inquit

109 2471 221 2518 Heyn.
243 2473 325 2510 Var.
346 2475 454 2512 Lectt.
486 2484 521 2511 et
538 2476 677 2510 observ.
704 2475 745 2508 ad
782 2475 825 2511 ΙΙ.
858 2474 882 2510 l.
909 2475 957 2520 1.,
983 2476 1051 2510 suit
1074 2476 1260 2510 Are'fthous
1281 2477 1371 2509 inter
1393 2485 1527 2513 veteres
1560 2498 1562 2501 v

111 2528 285 2562 Arcadum
310 2529 429 2565 heroes
463 2531 700 2576 antiquiores,
725 2530 782 2574 qui
819 2529 930 2565 adhuc
959 2530 1052 2564 clava
1085 2538 1253 2565 uteretur.
1301 2530 1383 2572 Eius
1403 2543 1532 2571 monus

112 2590 264 2617 mentum
281 2602 292 2615 <
322 2586 577 2619 monstrabatur
627 2585 821 2624 ‚Pausaniae
847 2612 856 2627 ,
904 2597 1003 2630 quem
1060 2585 1128 2620 vid.
1178 2585 1218 2619 L.
1260 2583 1361 2620 V111.
1407 2598 1438 2622 e.
1469 2599 1528 2622 11.

111 2635 152 2681 ὅ)
178 2635 235 2675 Cf.
258 2637 295 2675 h.
319 2637 344 2676 l.
367 2651 400 2678 c.
419 2637 480 2676 VI.
505 2642 538 2686 §.
563 2640 596 2676 4.
621 2646 688 2677 ext.
714 2649 749 2676 n.
774 2640 808 2677 5.
843 2639 958 2677 Unum
982 2638 1123 2687 Ἀργος
1146 2639 1356 2680 ἱππόβοτον
1391 2652 1528 2677 nuncu-

1139 2692 1204 2730 34
1477 2705 1544 2744 pn
