1780 3120
196 165 256 214 18
565 162 1243 223 ANTIQUITAS

190 290 404 341 sacerdos
449 293 697 342 constituta
723 331 736 353 ,
777 292 1002 359 innuptae
1037 293 1243 343 Athones
1278 291 1454 362 templo
1506 293 1608 343 erat‘

190 357 421 424 praefecta
444 371 479 407 ².

257 423 296 488 ἕ.
323 423 369 471 6,
436 422 758 471 Sacerdotibus
785 421 1058 488 plerumque
1080 422 1209 470 sedes
1237 440 1288 469 ac
1311 421 1602 471 domicilium

193 498 292 537 erat
322 505 465 553 prope
487 489 660 552 templa
690 505 741 534 ac
785 488 884 535 loca
911 505 1061 547 sacra;
1097 497 1149 535 ut
1185 488 1242 534 de
1284 488 1601 536 sacerdotibus

189 553 418 619 Apollinis
443 554 660 618 Delphici
682 566 703 588 2
732 563 779 600 et
795 555 872 600 Zei
890 554 1131 601 Dodonaei
1156 561 1337 599 constat
1359 554 1397 599 5.
1442 554 1603 600 Maron

190 621 331 666 etiam
354 618 547 665 Phoebi·
567 618 776 665 sacerdos
804 618 1000 684 degebat
1028 620 1077 664 in
1098 617 1203 664 luco
1224 617 1266 667 4.
1317 617 1416 664 Illic
1448 635 1521 665 res
1544 616 1604 665 ad

191 686 367 731 victum
404 686 688 731 necessariae
749 685 860 749 ipsis
904 683 1214 749 suppetebant
1254 699 1309 729 ex
1340 683 1396 729 iis
1426 719 1437 740 ‚
1481 698 1599 748 quae

190 750 294 798 Diis
340 748 496 797 offerri
541 749 778 805 solebant,
818 758 864 796 et
907 749 1121 814 Delphiis
1164 747 1457 813 peculiariter
1494 764 1601 812 pro-

192 815 321 862 misit
352 814 520 879 Apollo
543 815 579 862 5.
643 816 824 864 Divitiis
860 831 937 862 eos
959 813 1201 880 polluisse,
1237 813 1416 859 Daretis
1443 828 1602 859 exem·
1634 821 1638 824 ’

190 879 272 944 plo
300 889 453 945 patet,
489 882 569 946 qui
607 886 746 942 ἀφνειὸς
789 885 1000 946 Ἡφαίστοιο
1038 884 1131 944 ἱρεὺς
1169 878 1342 926 dicitur
1363 878 1403 926 5·
1477 878 1603 942 Opes

191 946 332 993 etiam
347 945 593 992 laudantur
612 946 969 1010 Eurydamantis
987 983 998 1005 ,
1012 950 1239 1009 ὁνειροπόλσισ
1254 953 1416 1007 γέροντος
1431 979 1443 1002 ,
1471 958 1602 1007 quas,

190 1010 296 1059 filiis
323 1011 484 1057 occisis
500 1048 511 1069 ‚
547 1018 773 1074 χηρωσταὶ,
800 1011 1020 1069 heredes,
1055 1010 1212 1075 partiti
1239 1016 1348 1056 sunt
1370 1017 1406 1056 7.
1451 1009 1607 1055 Immo

186 1075 371 1123 infinita
403 1075 705 1124 redemtionis
735 1077 906 1142 pretia,
935 1077 1110 1139 ἀπερειὸί
1150 1079 1310 1131 ἄποινα,
1353 1089 1439 1136 pro
1480 1072 1603 1119 filiae

185 1139 475 1188 redemtione
521 1141 710 1190 Graecis
754 1140 893 1189 offert
941 1141 1164 1205 Chryses,
1213 1138 1442 1204 Apollinis
1456 1153 1604 1185 sacer-

187 1204 271 1252 dos
293 1206 332 1253 8.
385 1207 603 1258 Cetenum
639 1207 902 1273 complures
927 1224 982 1254 ex
1006 1204 1320 1254 sacerdotibus
1345 1202 1514 1251 familia
1546 1201 1605 1249 il·

182 1270 320 1320 lustri
365 1273 550 1319 oriundi
596 1274 810 1332 fuerunt,
869 1272 1016 1339 qualis
1064 1271 1258 1318 Theano
1289 1306 1302 1327 ,
1354 1266 1607 1317 Antenoris

185 1351 301 1380 uxor
323 1345 370 1392 9,
404 1344 453 1379 et
481 1338 716 1393 Helenus,
751 1339 924 1381 Priami
957 1338 1076 1396 regis
1107 1335 1228 1379 filius
1252 1346 1311 1377 ¹0.
1380 1331 1480 1378 Nec
1510 1347 1604 1377 ma·

183 1414 392 1463 gnopere
427 1397 545 1446 illud
582 1399 862 1446 mirandum.
945 1401 1038 1458 Qui
1067 1398 1193 1444 enim
1236 1396 1406 1443 illustri
1437 1412 1606 1459 genere

187 1465 276 1510 orti
291 1463 363 1510 vel
381 1465 584 1528 corporis
607 1465 678 1512 vel
709 1465 853 1512 animi
879 1462 1066 1510 dotibus
1102 1461 1428 1527 praestabant,
1454 1464 1607 1526 Θεόφιλοι

184 1529 371 1577 fuerunt
401 1528 591 1596 Diisque
624 1547 735 1597 prae
771 1529 934 1578 ceteris
961 1529 1258 1577 caris-simin.

417 1822 758 1870 CAPUT
841 1819 1364 1883 QUINTUM.

584 1957 654 1992 DE
700 1959 1215 1992 LUSTRATIONIBUS.

249 2108 292 2172 §0
330 2125 371 2158 1.
438 2081 544 2156 Ad
572 2109 728 2173 ipsum
753 2108 960 2154 Deorum
986 2104 1160 2152 cultum
1178 2107 1270 2170 jam
1297 2104 1571 2155 accedamus
1585 2143 1601 2165 ‚-

181 2174 237 2229 ‚in
261 2191 355 2240 quo
376 2174 580 2239 primum
595 2172 877 2220 observanda
906 2180 976 2218 cst
1004 2169 1245 2235 singularis
1274 2171 1475 2236 puritas,
1508 2191 1599 2237 qua

182 2256 257 2287 res
283 2257 435 2288 sacras
463 2240 549 2285 sibi
569 2237 824 2285 tractandas
852 2238 1098 2285 duxerunt.
1146 2237 1296 2295 Quam
1327 2245 1482 2283 tamen
1513 2256 1601 2302 pu-

182 2305 370 2353 ritatem
404 2321 463 2352 ne
499 2305 641 2351 animi
673 2304 964 2351 sanctitatem
997 2302 1334 2359 existimemus,
1362 2302 1489 2350 rudis
1519 2320 1597 2349 ve-

182 2378 249 2418 tat
276 2372 566 2420 Graecorum
585 2370 670 2418 hac
695 2378 839 2416 aetate
866 2365 1073 2428 indoles,
1108 2375 1152 2414 et
1174 2384 1391 2432 perversa
1413 2406 1425 2427 ‚
1459 2385 1600 2435 quam

1523 2451 1599 2498 lp·-

227 2556 265 2600 ι)
291 2555 333 2594 11.
355 2558 428 2604 VI,
453 2562 532 2596 500.
559 2558 613 2595 Cf.
638 2557 681 2593 11.
702 2556 757 2601 V,
782 2569 836 2601 70.
983 2554 1021 2598 2)
1046 2553 1172 2599 Hymn.
1197 2553 1233 2587 in
1256 2551 1365 2597 Apoll.
1387 2552 1418 2588 1.
1442 2565 1489 2589 vs.
1514 2555 1591 2590 538.

181 2607 220 2652 5)
245 2609 288 2646 ll.
312 2612 413 2658 XVI,
437 2617 504 2650 254
526 2627 599 2660 seq.
711 2609 750 2653 4)
776 2609 838 2645 Od.
859 2608 922 2653 IX,
947 2623 1025 2644 200·
1159 2606 1201 2654 5)
1224 2607 1351 2651 llymn.
1372 2608 1407 2640 in
1432 2608 1542 2652 Apoll.
1563 2607 1594 2644 Ι.

180 2673 229 2698 vs.
251 2666 317 2699 555
341 2677 434 2712 seqq,
554 2669 591 2712 6)
618 2666 659 2702 Il,
683 2665 727 2708 V,
754 2677 772 2709 o
797 2676 866 2708 seq.
984 2663 1020 2709 7)
1046 2662 1087 2697 11,
1105 2660 1150 2704 V,
1176 2663 1250 2696 158.
1353 2662 1390 2704 ὅ)
1418 2661 1458 2697 ll.
1483 2662 1521 2706 I,
1542 2663 1593 2698 15.

179 2717 218 2762 9)
244 2717 283 2754 Il.
311 2719 380 2767 vl,
400 2723 478 2766 29¹3.
571 2723 627 2765 io)
651 2720 691 2756 ll.
716 2719 754 2756 L.
776 2718 798 2754 l.
823 2730 871 2754 vs.
884 2719 937 2763 76.
1036 2715 1092 2760 ιι)
1119 2715 1197 2751 vid.
1215 2727 1245 2753 e.
1261 2727 1292 2759 g.
1319 2715 1361 2752 11.
1378 2716 1498 2762 xxtv,
1514 2716 1592 2750 533.
