<?xml version="1.0" encoding="UTF-8"?>
<!DOCTYPE html PUBLIC "-//W3C//DTD XHTML 1.0 Transitional//EN"
    "http://www.w3.org/TR/xhtml1/DTD/xhtml1-transitional.dtd">
<html xmlns="http://www.w3.org/1999/xhtml" xml:lang="en" lang="en">
 <head>
  <title>
</title>
<meta http-equiv="Content-Type" content="text/html;charset=utf-8" />
  <meta name='ocr-system' content='tesseract 3.04.00' />
  <meta name='ocr-capabilities' content='ocr_page ocr_carea ocr_par ocr_line ocrx_word'/>
</head>
<body>
  <div class='ocr_page' id='page_1' title='image "antiquitashomeri00terpuoft_0406.png"; bbox 0 0 1780 3120; ppageno 0'>
   <div class='ocr_carea' id='block_1_1' title="bbox 194 91 1236 148">
    <p class='ocr_par' dir='ltr' id='par_1_1' title="bbox 194 91 1236 148">
     <span class='ocr_line' id='line_1_1' title="bbox 194 91 1236 148; baseline -0.004 0"><span class='ocrx_word' id='word_1_1' title='bbox 194 93 287 148; x_wconf 72' lang='lat'>662</span> <span class='ocrx_word' id='word_1_2' title='bbox 582 91 1236 144; x_wconf 72' lang='lat' dir='ltr'>ADDENDA&#39;.</span> 
     </span>
    </p>
   </div>
   <div class='ocr_carea' id='block_1_2' title="bbox 194 216 1653 2636">
    <p class='ocr_par' dir='ltr' id='par_1_2' title="bbox 289 216 1628 449">
     <span class='ocr_line' id='line_1_2' title="bbox 349 216 1628 281; baseline 0.005 -17"><span class='ocrx_word' id='word_1_3' title='bbox 349 232 397 264; x_wconf 85' lang='lat' dir='ltr'>se</span> <span class='ocrx_word' id='word_1_4' title='bbox 437 216 682 263; x_wconf 67' lang='lat' dir='ltr'>memoriae</span> <span class='ocrx_word' id='word_1_5' title='bbox 728 219 785 263; x_wconf 87' lang='lat' dir='ltr'>ab</span> <span class='ocrx_word' id='word_1_6' title='bbox 823 221 1024 265; x_wconf 81' lang='lat' dir='ltr'><strong>Homero</strong></span> <span class='ocrx_word' id='word_1_7' title='bbox 1061 219 1300 281; x_wconf 84' lang='lat' dir='ltr'>proditum</span> <span class='ocrx_word' id='word_1_8' title='bbox 1336 229 1498 267; x_wconf 81' lang='lat' dir='ltr'>exstat.</span> <span class='ocrx_word' id='word_1_9' title='bbox 1556 224 1628 270; x_wconf 67' lang='lat' dir='ltr'>Ex</span> 
     </span>
     <span class='ocr_line' id='line_1_3' title="bbox 347 278 1624 336; baseline 0.004 -17"><span class='ocrx_word' id='word_1_10' title='bbox 347 279 537 336; x_wconf 81' lang='lat' dir='ltr'>Europa</span> <span class='ocrx_word' id='word_1_11' title='bbox 555 287 793 336; x_wconf 86' lang='lat' dir='ltr'>praeterea</span> <span class='ocrx_word' id='word_1_12' title='bbox 833 278 891 322; x_wconf 81' lang='lat' dir='ltr'>ad</span> <span class='ocrx_word' id='word_1_13' title='bbox 924 279 1064 322; x_wconf 86' lang='lat' dir='ltr'>vitam</span> <span class='ocrx_word' id='word_1_14' title='bbox 1088 278 1434 323; x_wconf 85' lang='lat' dir='ltr'><strong>sustentandam</strong></span> <span class='ocrx_word' id='word_1_15' title='bbox 1457 294 1624 324; x_wconf 85' lang='lat' dir='ltr'>neces-</span> 
     </span>
     <span class='ocr_line' id='line_1_4' title="bbox 289 333 1627 382; baseline 0.004 -5"><span class='ocrx_word' id='word_1_16' title='bbox 289 347 292 351; x_wconf 84' lang='lat'>&#39;</span> <span class='ocrx_word' id='word_1_17' title='bbox 350 336 467 377; x_wconf 86' lang='lat' dir='ltr'>saria</span> <span class='ocrx_word' id='word_1_18' title='bbox 495 335 684 377; x_wconf 85' lang='lat' dir='ltr'>Graecis</span> <span class='ocrx_word' id='word_1_19' title='bbox 719 333 910 379; x_wconf 88' lang='lat' dir='ltr'>advecta</span> <span class='ocrx_word' id='word_1_20' title='bbox 946 336 1186 381; x_wconf 82' lang='lat' dir='ltr'>videntur:</span> <span class='ocrx_word' id='word_1_21' title='bbox 1229 338 1627 382; x_wconf 78' lang='lat' dir='ltr'>vinum-certe-ex</span> 
     </span>
     <span class='ocr_line' id='line_1_5' title="bbox 332 393 1627 449; baseline 0.005 -16"><span class='ocrx_word' id='word_1_22' title='bbox 332 394 534 437; x_wconf 59' lang='lat' dir='ltr'>»Lemno</span> <span class='ocrx_word' id='word_1_23' title='bbox 560 393 609 433; x_wconf 92' lang='lat' dir='ltr'>in</span> <span class='ocrx_word' id='word_1_24' title='bbox 638 403 783 434; x_wconf 80' lang='lat' dir='ltr'>castra</span> <span class='ocrx_word' id='word_1_25' title='bbox 806 394 990 436; x_wconf 82' lang='lat' dir='ltr'><strong>allatum</strong></span> <span class='ocrx_word' id='word_1_26' title='bbox 1016 409 1110 436; x_wconf 86' lang='lat' dir='ltr'>esse</span> <span class='ocrx_word' id='word_1_27' title='bbox 1147 405 1322 437; x_wconf 74' lang='lat' dir='ltr'>constat</span> <span class='ocrx_word' id='word_1_28' title='bbox 1345 410 1400 437; x_wconf 81' lang='lat' dir='ltr'>ex</span> <span class='ocrx_word' id='word_1_29' title='bbox 1426 393 1478 437; x_wconf 90' lang='lat' dir='ltr'>Il.</span> <span class='ocrx_word' id='word_1_30' title='bbox 1511 396 1627 449; x_wconf 89' lang='lat' dir='ltr'>VII,</span> 
     </span>
    </p>

    <p class='ocr_par' dir='ltr' id='par_1_3' title="bbox 213 448 1653 512">
     <span class='ocr_line' id='line_1_6' title="bbox 213 448 1653 512; baseline 0.002 -21"><span class='ocrx_word' id='word_1_31' title='bbox 213 504 217 508; x_wconf 23' lang='grc' dir='ltr'><strong><em>ι</em></strong></span> <span class='ocrx_word' id='word_1_32' title='bbox 247 506 250 507; x_wconf 19' lang='lat'><em>⁷</em></span> <span class='ocrx_word' id='word_1_33' title='bbox 349 452 434 507; x_wconf 75' lang='lat'>467</span> <span class='ocrx_word' id='word_1_34' title='bbox 464 466 595 507; x_wconf 76' lang='lat' dir='ltr'>seqq.</span> <span class='ocrx_word' id='word_1_35' title='bbox 658 448 866 493; x_wconf 80' lang='lat' dir='ltr'>Aderant</span> <span class='ocrx_word' id='word_1_36' title='bbox 892 454 1000 494; x_wconf 83' lang='lat' dir='ltr'>item</span> <span class='ocrx_word' id='word_1_37' title='bbox 1031 452 1080 492; x_wconf 84' lang='lat' dir='ltr'>in</span> <span class='ocrx_word' id='word_1_38' title='bbox 1118 453 1302 505; x_wconf 84' lang='lat' dir='ltr'>castris,</span> <span class='ocrx_word' id='word_1_39' title='bbox 1347 452 1428 509; x_wconf 83' lang='lat' dir='ltr'>qui</span> <span class='ocrx_word' id='word_1_40' title='bbox 1458 469 1653 512; x_wconf 54' lang='lat' dir='ltr'>penum„</span> 
     </span>
    </p>

    <p class='ocr_par' dir='ltr' id='par_1_4' title="bbox 260 508 1638 1314">
     <span class='ocr_line' id='line_1_7' title="bbox 348 508 1626 565; baseline 0 -13"><span class='ocrx_word' id='word_1_41' title='bbox 348 508 618 565; x_wconf 54' lang='lat' dir='ltr'>⁴victumque</span> <span class='ocrx_word' id='word_1_42' title='bbox 658 510 908 553; x_wconf 75' lang='lat' dir='ltr'>curabant:</span> <span class='ocrx_word' id='word_1_43' title='bbox 955 512 1107 562; x_wconf 63' lang='grc' dir='ltr'><em>ταμίαι</em></span> <span class='ocrx_word' id='word_1_44' title='bbox 1132 540 1146 560; x_wconf 88' lang='grc'><strong><em>,</em></strong></span> <span class='ocrx_word' id='word_1_45' title='bbox 1192 512 1314 555; x_wconf 79' lang='grc' dir='ltr'><em>σίτοιο</em></span> <span class='ocrx_word' id='word_1_46' title='bbox 1348 512 1523 562; x_wconf 75' lang='grc' dir='ltr'>δοτῆρες.</span> <span class='ocrx_word' id='word_1_47' title='bbox 1558 510 1626 553; x_wconf 83' lang='lat' dir='ltr'>-Il.</span> 
     </span>
     <span class='ocr_line' id='line_1_8' title="bbox 340 565 1629 626; baseline 0.002 -19"><span class='ocrx_word' id='word_1_48' title='bbox 340 565 492 617; x_wconf 74' lang='lat' dir='ltr'>XIX,</span> <span class='ocrx_word' id='word_1_49' title='bbox 535 565 607 607; x_wconf 59' lang='lat'>44.</span> <span class='ocrx_word' id='word_1_50' title='bbox 669 566 909 617; x_wconf 82' lang='lat' dir='ltr'>Ceterum,</span> <span class='ocrx_word' id='word_1_51' title='bbox 955 567 1110 624; x_wconf 80' lang='lat' dir='ltr'>inquit</span> <span class='ocrx_word' id='word_1_52' title='bbox 1158 567 1213 610; x_wconf 88' lang='lat' dir='ltr'>G.</span> <span class='ocrx_word' id='word_1_53' title='bbox 1255 567 1309 610; x_wconf 80' lang='lat' dir='ltr'>G.</span> <span class='ocrx_word' id='word_1_54' title='bbox 1348 567 1391 610; x_wconf 86' lang='lat' dir='ltr'>S.</span> <span class='ocrx_word' id='word_1_55' title='bbox 1434 567 1629 626; x_wconf 82' lang='lat' dir='ltr'>Ko’pke,</span> 
     </span>
     <span class='ocr_line' id='line_1_9' title="bbox 355 621 1628 679; baseline 0 -13"><span class='ocrx_word' id='word_1_56' title='bbox 355 623 474 666; x_wconf 74' lang='lat' dir='ltr'>iiber</span> <span class='ocrx_word' id='word_1_57' title='bbox 513 621 591 663; x_wconf 86' lang='lat' dir='ltr'>das</span> <span class='ocrx_word' id='word_1_58' title='bbox 626 623 938 679; x_wconf 75' lang='lat' dir='ltr'>Kriegswesen</span> <span class='ocrx_word' id='word_1_59' title='bbox 975 623 1058 666; x_wconf 86' lang='lat' dir='ltr'>der</span> <span class='ocrx_word' id='word_1_60' title='bbox 1095 624 1330 668; x_wconf 85' lang='lat' dir='ltr'>Griechen</span> <span class='ocrx_word' id='word_1_61' title='bbox 1366 625 1416 666; x_wconf 87' lang='lat' dir='ltr'>in</span> <span class='ocrx_word' id='word_1_62' title='bbox 1456 625 1628 667; x_wconf 84' lang='lat' dir='ltr'>Heroi-</span> 
     </span>
     <span class='ocr_line' id='line_1_10' title="bbox 348 680 1628 740; baseline -0.001 -16"><span class='ocrx_word' id='word_1_63' title='bbox 348 680 492 725; x_wconf 81' lang='lat' dir='ltr'>schen</span> <span class='ocrx_word' id='word_1_64' title='bbox 520 680 759 732; x_wconf 76' lang='lat' dir='ltr'>Zeitalter,</span> <span class='ocrx_word' id='word_1_65' title='bbox 792 682 950 739; x_wconf 82' lang='lat' dir='ltr'>(quem</span> <span class='ocrx_word' id='word_1_66' title='bbox 971 681 1100 723; x_wconf 89' lang='lat' dir='ltr'>nobis</span> <span class='ocrx_word' id='word_1_67' title='bbox 1125 681 1294 724; x_wconf 82' lang='lat' dir='ltr'>librum</span> <span class='ocrx_word' id='word_1_68' title='bbox 1321 697 1406 740; x_wconf 82' lang='lat' dir='ltr'>pro</span> <span class='ocrx_word' id='word_1_69' title='bbox 1429 697 1508 723; x_wconf 85' lang='lat' dir='ltr'>sua</span> <span class='ocrx_word' id='word_1_70' title='bbox 1533 681 1628 723; x_wconf 92' lang='lat' dir='ltr'>hu-</span> 
     </span>
     <span class='ocr_line' id='line_1_11' title="bbox 348 737 1630 798; baseline 0.001 -19"><span class='ocrx_word' id='word_1_71' title='bbox 348 739 567 783; x_wconf 70' lang='lat' dir='ltr'>manitate</span> <span class='ocrx_word' id='word_1_72' title='bbox 602 737 750 796; x_wconf 76' lang='lat' dir='ltr'>deque</span> <span class='ocrx_word' id='word_1_73' title='bbox 787 738 930 780; x_wconf 76' lang='lat' dir='ltr'>literis</span> <span class='ocrx_word' id='word_1_74' title='bbox 969 740 1084 781; x_wconf 86' lang='lat' dir='ltr'>bene</span> <span class='ocrx_word' id='word_1_75' title='bbox 1106 740 1315 783; x_wconf 84' lang='lat' dir='ltr'>merendi</span> <span class='ocrx_word' id='word_1_76' title='bbox 1338 739 1489 783; x_wconf 89' lang='lat' dir='ltr'>studio</span> <span class='ocrx_word' id='word_1_77' title='bbox 1512 754 1630 798; x_wconf 87' lang='lat' dir='ltr'>sup-</span> 
     </span>
     <span class='ocr_line' id='line_1_12' title="bbox 350 794 1634 855; baseline 0 -17"><span class='ocrx_word' id='word_1_78' title='bbox 350 794 582 852; x_wconf 77' lang='lat' dir='ltr'>peditavit</span> <span class='ocrx_word' id='word_1_79' title='bbox 638 797 763 838; x_wconf 81' lang='lat' dir='ltr'>Doct.</span> <span class='ocrx_word' id='word_1_80' title='bbox 807 795 882 838; x_wconf 89' lang='lat' dir='ltr'>W.</span> <span class='ocrx_word' id='word_1_81' title='bbox 926 796 978 836; x_wconf 91' lang='lat' dir='ltr'>H.</span> <span class='ocrx_word' id='word_1_82' title='bbox 1013 797 1065 837; x_wconf 89' lang='lat' dir='ltr'>D.</span> <span class='ocrx_word' id='word_1_83' title='bbox 1099 797 1347 853; x_wconf 80' lang='lat' dir='ltr'>Suringar,</span> <span class='ocrx_word' id='word_1_84' title='bbox 1395 797 1634 855; x_wconf 77' lang='lat' dir='ltr'>Gymnasii</span> 
     </span>
     <span class='ocr_line' id='line_1_13' title="bbox 351 852 1633 911; baseline 0 -16"><span class='ocrx_word' id='word_1_85' title='bbox 351 852 608 911; x_wconf 72' lang='lat' dir='ltr'>Leydensis</span> <span class='ocrx_word' id='word_1_86' title='bbox 631 852 927 908; x_wconf 77' lang='lat' dir='ltr'>Praeceptor)</span> <span class='ocrx_word' id='word_1_87' title='bbox 957 862 1180 904; x_wconf 79' lang='lat' dir='ltr'>ceterum,</span> <span class='ocrx_word' id='word_1_88' title='bbox 1212 855 1398 911; x_wconf 78' lang='lat' dir='ltr'>inquit,</span> <span class='ocrx_word' id='word_1_89' title='bbox 1428 869 1521 895; x_wconf 90' lang='lat' dir='ltr'>non</span> <span class='ocrx_word' id='word_1_90' title='bbox 1551 855 1633 895; x_wconf 87' lang='lat' dir='ltr'>ni-</span> 
     </span>
     <span class='ocr_line' id='line_1_14' title="bbox 353 906 1633 967; baseline 0.002 -17"><span class='ocrx_word' id='word_1_91' title='bbox 353 910 393 953; x_wconf 88' lang='lat' dir='ltr'>si</span> <span class='ocrx_word' id='word_1_92' title='bbox 423 909 601 950; x_wconf 86' lang='lat' dir='ltr'>decimo</span> <span class='ocrx_word' id='word_1_93' title='bbox 632 906 743 949; x_wconf 86' lang='lat' dir='ltr'>belli</span> <span class='ocrx_word' id='word_1_94' title='bbox 769 923 889 950; x_wconf 87' lang='lat' dir='ltr'>anno</span> <span class='ocrx_word' id='word_1_95' title='bbox 910 939 922 959; x_wconf 80' lang='lat'>‚</span> <span class='ocrx_word' id='word_1_96' title='bbox 956 924 1090 965; x_wconf 84' lang='lat' dir='ltr'>quem</span> <span class='ocrx_word' id='word_1_97' title='bbox 1135 912 1324 967; x_wconf 83' lang='lat' dir='ltr'>proprie</span> <span class='ocrx_word' id='word_1_98' title='bbox 1356 911 1633 953; x_wconf 76' lang='lat' dir='ltr'>carminibus</span> 
     </span>
     <span class='ocr_line' id='line_1_15' title="bbox 352 964 1632 1025; baseline -0.001 -16"><span class='ocrx_word' id='word_1_99' title='bbox 352 965 557 1010; x_wconf 84' lang='lat' dir='ltr'>celebrat</span> <span class='ocrx_word' id='word_1_100' title='bbox 597 966 737 1007; x_wconf 77' lang='lat' dir='ltr'>Poeta</span> <span class='ocrx_word' id='word_1_101' title='bbox 761 995 775 1016; x_wconf 85' lang='lat'>‚</span> <span class='ocrx_word' id='word_1_102' title='bbox 817 964 1061 1007; x_wconf 77' lang='lat' dir='ltr'>maximum</span> <span class='ocrx_word' id='word_1_103' title='bbox 1092 965 1224 1008; x_wconf 86' lang='lat' dir='ltr'>illum</span> <span class='ocrx_word' id='word_1_104' title='bbox 1265 966 1497 1025; x_wconf 85' lang='lat' dir='ltr'>copiarum</span> <span class='ocrx_word' id='word_1_105' title='bbox 1536 983 1632 1008; x_wconf 80' lang='lat' dir='ltr'>tm-</span> 
     </span>
     <span class='ocr_line' id='line_1_16' title="bbox 349 1022 1633 1082; baseline -0.002 -14"><span class='ocrx_word' id='word_1_106' title='bbox 349 1039 529 1068; x_wconf 84' lang='lat' dir='ltr'>merum</span> <span class='ocrx_word' id='word_1_107' title='bbox 574 1024 630 1064; x_wconf 88' lang='lat' dir='ltr'>ab</span> <span class='ocrx_word' id='word_1_108' title='bbox 681 1033 877 1082; x_wconf 80' lang='lat' dir='ltr'>utraque</span> <span class='ocrx_word' id='word_1_109' title='bbox 933 1022 1128 1065; x_wconf 78' lang='lat' dir='ltr'>hostium</span> <span class='ocrx_word' id='word_1_110' title='bbox 1167 1035 1298 1081; x_wconf 81' lang='lat' dir='ltr'>parte</span> <span class='ocrx_word' id='word_1_111' title='bbox 1335 1023 1633 1076; x_wconf 81' lang='lat' dir='ltr'>convenisse,</span> 
     </span>
     <span class='ocr_line' id='line_1_17' title="bbox 355 1078 1633 1139; baseline -0.002 -15"><span class='ocrx_word' id='word_1_112' title='bbox 355 1083 623 1137; x_wconf 80' lang='lat' dir='ltr'>conjectura</span> <span class='ocrx_word' id='word_1_113' title='bbox 645 1078 836 1139; x_wconf 80' lang='lat' dir='ltr'>adsequi</span> <span class='ocrx_word' id='word_1_114' title='bbox 862 1080 992 1130; x_wconf 76' lang='lat' dir='ltr'>licet,</span> <span class='ocrx_word' id='word_1_115' title='bbox 1023 1081 1085 1122; x_wconf 88' lang='lat' dir='ltr'>ita</span> <span class='ocrx_word' id='word_1_116' title='bbox 1110 1090 1160 1122; x_wconf 81' lang='lat' dir='ltr'>ut</span> <span class='ocrx_word' id='word_1_117' title='bbox 1181 1081 1338 1138; x_wconf 84' lang='lat' dir='ltr'>primis</span> <span class='ocrx_word' id='word_1_118' title='bbox 1372 1079 1482 1123; x_wconf 83' lang='lat' dir='ltr'>belli</span> <span class='ocrx_word' id='word_1_119' title='bbox 1510 1091 1633 1123; x_wconf 83' lang='lat' dir='ltr'>tem-</span> 
     </span>
     <span class='ocr_line' id='line_1_18' title="bbox 350 1137 1634 1200; baseline 0 -19"><span class='ocrx_word' id='word_1_120' title='bbox 350 1140 546 1200; x_wconf 83' lang='lat' dir='ltr'>poribus</span> <span class='ocrx_word' id='word_1_121' title='bbox 588 1137 762 1180; x_wconf 81' lang='lat' dir='ltr'><strong>facilius</strong></span> <span class='ocrx_word' id='word_1_122' title='bbox 807 1139 982 1180; x_wconf 81' lang='lat' dir='ltr'>vietum</span> <span class='ocrx_word' id='word_1_123' title='bbox 1020 1137 1107 1180; x_wconf 88' lang='lat' dir='ltr'>sibi</span> <span class='ocrx_word' id='word_1_124' title='bbox 1153 1153 1418 1196; x_wconf 86' lang='lat' dir='ltr'>comparare</span> <span class='ocrx_word' id='word_1_125' title='bbox 1458 1148 1634 1199; x_wconf 84' lang='lat' dir='ltr'>potue-</span> 
     </span>
     <span class='ocr_line' id='line_1_19' title="bbox 355 1194 1638 1255; baseline -0.004 -15"><span class='ocrx_word' id='word_1_126' title='bbox 355 1196 454 1242; x_wconf 70' lang='lat' dir='ltr'>rint</span> <span class='ocrx_word' id='word_1_127' title='bbox 481 1206 527 1239; x_wconf 85' lang='lat' dir='ltr'>et</span> <span class='ocrx_word' id='word_1_128' title='bbox 559 1196 725 1240; x_wconf 79' lang='lat' dir='ltr'>Graeci</span> <span class='ocrx_word' id='word_1_129' title='bbox 749 1206 795 1237; x_wconf 82' lang='lat' dir='ltr'>et</span> <span class='ocrx_word' id='word_1_130' title='bbox 832 1196 1042 1250; x_wconf 75' lang='lat' dir='ltr'>Troiani.</span> <span class='ocrx_word' id='word_1_131' title='bbox 1093 1194 1345 1255; x_wconf 84' lang='lat' dir='ltr'>Copiarum</span> <span class='ocrx_word' id='word_1_132' title='bbox 1369 1207 1517 1239; x_wconf 83' lang='lat' dir='ltr'>autem</span> <span class='ocrx_word' id='word_1_133' title='bbox 1547 1212 1638 1237; x_wconf 71' lang='lat' dir='ltr'>nu„</span> 
     </span>
     <span class='ocr_line' id='line_1_20' title="bbox 355 1251 1637 1314; baseline 0 -17"><span class='ocrx_word' id='word_1_134' title='bbox 355 1269 507 1298; x_wconf 82' lang='lat' dir='ltr'>merus</span> <span class='ocrx_word' id='word_1_135' title='bbox 532 1269 635 1296; x_wconf 79' lang='lat' dir='ltr'>eum</span> <span class='ocrx_word' id='word_1_136' title='bbox 664 1252 872 1310; x_wconf 80' lang='lat' dir='ltr'>periculo</span> <span class='ocrx_word' id='word_1_137' title='bbox 898 1251 1121 1314; x_wconf 82' lang='lat' dir='ltr'><strong>deinceps</strong></span> <span class='ocrx_word' id='word_1_138' title='bbox 1158 1254 1391 1313; x_wconf 77' lang='lat' dir='ltr'><strong>utrimque</strong></span> <span class='ocrx_word' id='word_1_139' title='bbox 1423 1254 1637 1297; x_wconf 83' lang='lat' dir='ltr'>excrevit.</span> 
     </span>
    </p>

    <p class='ocr_par' dir='ltr' id='par_1_5' title="bbox 211 1309 1637 1374">
     <span class='ocr_line' id='line_1_21' title="bbox 211 1309 1637 1374; baseline -0.001 -16"><span class='ocrx_word' id='word_1_140' title='bbox 211 1315 348 1374; x_wconf 83' lang='lat' dir='ltr'>P.72.</span> <span class='ocrx_word' id='word_1_141' title='bbox 377 1323 471 1355; x_wconf 85' lang='lat' dir='ltr'>not.</span> <span class='ocrx_word' id='word_1_142' title='bbox 493 1326 532 1354; x_wconf 86' lang='lat'>2.</span> <span class='ocrx_word' id='word_1_143' title='bbox 601 1310 708 1356; x_wconf 86' lang='lat' dir='ltr'>Vid.</span> <span class='ocrx_word' id='word_1_144' title='bbox 751 1327 834 1353; x_wconf 86' lang='lat' dir='ltr'>nos</span> <span class='ocrx_word' id='word_1_145' title='bbox 879 1311 1009 1353; x_wconf 80' lang='lat' dir='ltr'>L.11.</span> <span class='ocrx_word' id='word_1_146' title='bbox 1062 1327 1098 1354; x_wconf 87' lang='lat' dir='ltr'>c.</span> <span class='ocrx_word' id='word_1_147' title='bbox 1127 1326 1191 1356; x_wconf 90' lang='lat'>10.</span> <span class='ocrx_word' id='word_1_148' title='bbox 1237 1314 1272 1368; x_wconf 58' lang='grc' dir='ltr'>ἕ.</span> <span class='ocrx_word' id='word_1_149' title='bbox 1304 1317 1345 1357; x_wconf 74' lang='lat'>4.</span> <span class='ocrx_word' id='word_1_150' title='bbox 1386 1322 1432 1355; x_wconf 81' lang='lat' dir='ltr'>er.</span> <span class='ocrx_word' id='word_1_151' title='bbox 1477 1311 1532 1354; x_wconf 88' lang='lat' dir='ltr'>L.</span> <span class='ocrx_word' id='word_1_152' title='bbox 1559 1309 1637 1356; x_wconf 75' lang='lat' dir='ltr'>IV.</span> 
     </span>
    </p>

    <p class='ocr_par' dir='ltr' id='par_1_6' title="bbox 194 1369 621 1424">
     <span class='ocr_line' id='line_1_22' title="bbox 194 1369 621 1424; baseline 0 -11"><span class='ocrx_word' id='word_1_153' title='bbox 194 1404 198 1408; x_wconf 81' lang='grc'>.</span> <span class='ocrx_word' id='word_1_154' title='bbox 355 1385 393 1414; x_wconf 89' lang='lat' dir='ltr'>c.</span> <span class='ocrx_word' id='word_1_155' title='bbox 430 1369 495 1413; x_wconf 79' lang='lat'>14.</span> <span class='ocrx_word' id='word_1_156' title='bbox 523 1369 559 1424; x_wconf 64' lang='grc' dir='ltr'>ἓ.</span> <span class='ocrx_word' id='word_1_157' title='bbox 581 1371 621 1413; x_wconf 83' lang='lat'>5.</span> 
     </span>
    </p>

    <p class='ocr_par' dir='ltr' id='par_1_7' title="bbox 213 1421 1635 1537">
     <span class='ocr_line' id='line_1_23' title="bbox 213 1421 1635 1488; baseline -0.001 -18"><span class='ocrx_word' id='word_1_158' title='bbox 213 1431 354 1488; x_wconf 73' lang='lat' dir='ltr'>P.76.</span> <span class='ocrx_word' id='word_1_159' title='bbox 385 1437 478 1470; x_wconf 87' lang='lat' dir='ltr'>not.</span> <span class='ocrx_word' id='word_1_160' title='bbox 508 1442 540 1469; x_wconf 82' lang='grc' dir='ltr'>ι.</span> <span class='ocrx_word' id='word_1_161' title='bbox 601 1424 675 1469; x_wconf 81' lang='lat' dir='ltr'>Ad</span> <span class='ocrx_word' id='word_1_162' title='bbox 715 1441 757 1483; x_wconf 82' lang='lat' dir='ltr'>q·</span> <span class='ocrx_word' id='word_1_163' title='bbox 791 1424 818 1466; x_wconf 93' lang='lat' dir='ltr'>l.</span> <span class='ocrx_word' id='word_1_164' title='bbox 865 1424 955 1467; x_wconf 67' lang='lat' dir='ltr'>vid.</span> <span class='ocrx_word' id='word_1_165' title='bbox 997 1425 1202 1468; x_wconf 75' lang='lat' dir='ltr'>Nitzsch.</span> <span class='ocrx_word' id='word_1_166' title='bbox 1277 1425 1347 1469; x_wconf 78' lang='lat' dir='ltr'>Cf.</span> <span class='ocrx_word' id='word_1_167' title='bbox 1394 1421 1474 1469; x_wconf 83' lang='lat' dir='ltr'>Fr.</span> <span class='ocrx_word' id='word_1_168' title='bbox 1518 1425 1635 1483; x_wconf 83' lang='lat' dir='ltr'>Aug.</span> 
     </span>
     <span class='ocr_line' id='line_1_24' title="bbox 357 1481 1339 1537; baseline -0.001 -11"><span class='ocrx_word' id='word_1_169' title='bbox 357 1482 530 1531; x_wconf 71' lang='lat' dir='ltr'>Wolf&#39;s</span> <span class='ocrx_word' id='word_1_170' title='bbox 561 1483 879 1537; x_wconf 73' lang='lat' dir='ltr'>Vorlesungen</span> <span class='ocrx_word' id='word_1_171' title='bbox 911 1495 994 1525; x_wconf 86' lang='lat' dir='ltr'>etc.</span> <span class='ocrx_word' id='word_1_172' title='bbox 1025 1481 1082 1524; x_wconf 77' lang='lat' dir='ltr'>ad</span> <span class='ocrx_word' id='word_1_173' title='bbox 1114 1482 1163 1525; x_wconf 85' lang='lat' dir='ltr'>Il.</span> <span class='ocrx_word' id='word_1_174' title='bbox 1186 1483 1238 1530; x_wconf 78' lang='grc' dir='ltr'>Ι,</span> <span class='ocrx_word' id='word_1_175' title='bbox 1271 1486 1339 1528; x_wconf 86' lang='lat'>50.</span> 
     </span>
    </p>

    <p class='ocr_par' dir='ltr' id='par_1_8' title="bbox 212 1540 1639 1605">
     <span class='ocr_line' id='line_1_25' title="bbox 212 1540 1639 1605; baseline -0.001 -22"><span class='ocrx_word' id='word_1_176' title='bbox 212 1547 263 1594; x_wconf 79' lang='lat' dir='ltr'>P.</span> <span class='ocrx_word' id='word_1_177' title='bbox 284 1547 355 1605; x_wconf 83' lang='lat'>76.</span> <span class='ocrx_word' id='word_1_178' title='bbox 384 1544 420 1598; x_wconf 60' lang='grc' dir='ltr'>ἓ.</span> <span class='ocrx_word' id='word_1_179' title='bbox 447 1557 482 1585; x_wconf 86' lang='grc'>1.</span> <span class='ocrx_word' id='word_1_180' title='bbox 542 1561 565 1587; x_wconf 87' lang='grc'>«</span> <span class='ocrx_word' id='word_1_181' title='bbox 591 1542 702 1583; x_wconf 78' lang='lat' dir='ltr'>VVas</span> <span class='ocrx_word' id='word_1_182' title='bbox 733 1541 810 1583; x_wconf 87' lang='lat' dir='ltr'>hei</span> <span class='ocrx_word' id='word_1_183' title='bbox 842 1543 1067 1583; x_wconf 61' lang='lat' dir='ltr'>Miinnern</span> <span class='ocrx_word' id='word_1_184' title='bbox 1086 1541 1170 1582; x_wconf 77' lang='lat' dir='ltr'>cler</span> <span class='ocrx_word' id='word_1_185' title='bbox 1194 1543 1377 1596; x_wconf 71' lang='grc' dir='ltr'>θέρκπων</span> <span class='ocrx_word' id='word_1_186' title='bbox 1401 1557 1520 1591; x_wconf 43' lang='lat' dir='ltr'>war.</span> <span class='ocrx_word' id='word_1_187' title='bbox 1558 1540 1639 1584; x_wconf 82' lang='lat' dir='ltr'>das</span> 
     </span>
    </p>

    <p class='ocr_par' dir='ltr' id='par_1_9' title="bbox 208 1599 1638 1886">
     <span class='ocr_line' id='line_1_26' title="bbox 208 1599 1634 1655; baseline 0 -15"><span class='ocrx_word' id='word_1_188' title='bbox 208 1603 211 1607; x_wconf 86' lang='lat'><em>&#39;</em></span> <span class='ocrx_word' id='word_1_189' title='bbox 357 1615 448 1643; x_wconf 84' lang='lat' dir='ltr'>war</span> <span class='ocrx_word' id='word_1_190' title='bbox 477 1599 552 1641; x_wconf 87' lang='lat' dir='ltr'>bei</span> <span class='ocrx_word' id='word_1_191' title='bbox 594 1599 774 1641; x_wconf 81' lang='lat' dir='ltr'>Frauen</span> <span class='ocrx_word' id='word_1_192' title='bbox 812 1602 833 1650; x_wconf 76' lang='grc' dir='ltr'><em>ἦ</em></span> <span class='ocrx_word' id='word_1_193' title='bbox 875 1601 1146 1655; x_wconf 56' lang='grc' dir='ltr'>ἀμφίπολος,</span> <span class='ocrx_word' id='word_1_194' title='bbox 1191 1601 1292 1641; x_wconf 83' lang='lat' dir='ltr'>eine</span> <span class='ocrx_word' id='word_1_195' title='bbox 1333 1599 1634 1652; x_wconf 78' lang='lat' dir='ltr'>begleiterin,</span> 
     </span>
     <span class='ocr_line' id='line_1_27' title="bbox 357 1655 1636 1709; baseline -0.002 -8"><span class='ocrx_word' id='word_1_196' title='bbox 357 1655 795 1709; x_wconf 79' lang='lat' dir='ltr'>Gesellschafterin,</span> <span class='ocrx_word' id='word_1_197' title='bbox 831 1656 1154 1697; x_wconf 68' lang='lat' dir='ltr'>Aufw‘zirterin.</span> <span class='ocrx_word' id='word_1_198' title='bbox 1197 1656 1270 1699; x_wconf 77' lang='lat' dir='ltr'>Sie</span> <span class='ocrx_word' id='word_1_199' title='bbox 1299 1658 1423 1698; x_wconf 82' lang='lat' dir='ltr'>wahr</span> <span class='ocrx_word' id='word_1_200' title='bbox 1452 1657 1636 1699; x_wconf 72' lang='lat' dir='ltr'>freiiich</span> 
     </span>
     <span class='ocr_line' id='line_1_28' title="bbox 356 1711 1635 1769; baseline -0.002 -11"><span class='ocrx_word' id='word_1_201' title='bbox 356 1716 474 1759; x_wconf 81' lang='lat' dir='ltr'>auch</span> <span class='ocrx_word' id='word_1_202' title='bbox 503 1713 711 1769; x_wconf 84' lang='lat' dir='ltr'>gekaust‚</span> <span class='ocrx_word' id='word_1_203' title='bbox 740 1714 898 1756; x_wconf 75' lang='lat' dir='ltr'>wiirde</span> <span class='ocrx_word' id='word_1_204' title='bbox 938 1714 1047 1754; x_wconf 81' lang='lat' dir='ltr'>aber</span> <span class='ocrx_word' id='word_1_205' title='bbox 1082 1711 1168 1754; x_wconf 82' lang='lat' dir='ltr'>viel</span> <span class='ocrx_word' id='word_1_206' title='bbox 1214 1713 1508 1755; x_wconf 74' lang='lat' dir='ltr'>schonender</span> <span class='ocrx_word' id='word_1_207' title='bbox 1548 1716 1635 1756; x_wconf 85' lang='lat' dir='ltr'>be-</span> 
     </span>
     <span class='ocr_line' id='line_1_29' title="bbox 359 1768 1638 1826; baseline -0.002 -10"><span class='ocrx_word' id='word_1_208' title='bbox 359 1772 585 1823; x_wconf 69' lang='lat' dir='ltr'>handeh,</span> <span class='ocrx_word' id='word_1_209' title='bbox 617 1770 679 1812; x_wconf 80' lang='lat' dir='ltr'>als</span> <span class='ocrx_word' id='word_1_210' title='bbox 711 1768 786 1813; x_wconf 86' lang='lat' dir='ltr'>die</span> <span class='ocrx_word' id='word_1_211' title='bbox 819 1769 1135 1826; x_wconf 68' lang='lat' dir='ltr'>gewohnliche</span> <span class='ocrx_word' id='word_1_212' title='bbox 1174 1769 1503 1813; x_wconf 71' lang='lat' dir='ltr'>sclavinnen&#39;&#39;</span> <span class='ocrx_word' id='word_1_213' title='bbox 1567 1769 1638 1813; x_wconf 82' lang='lat' dir='ltr'>Ita</span> 
     </span>
     <span class='ocr_line' id='line_1_30' title="bbox 357 1827 1445 1886; baseline -0.004 -12"><span class='ocrx_word' id='word_1_214' title='bbox 357 1831 610 1874; x_wconf 88' lang='lat' dir='ltr'>Cammann</span> <span class='ocrx_word' id='word_1_215' title='bbox 645 1830 734 1886; x_wconf 88' lang='lat' dir='ltr'>Op.</span> <span class='ocrx_word' id='word_1_216' title='bbox 758 1827 786 1870; x_wconf 86' lang='lat' dir='ltr'>l.</span> <span class='ocrx_word' id='word_1_217' title='bbox 817 1844 863 1886; x_wconf 90' lang='lat' dir='ltr'>p.</span> <span class='ocrx_word' id='word_1_218' title='bbox 886 1829 980 1871; x_wconf 65' lang='lat'><strong>284·</strong></span> <span class='ocrx_word' id='word_1_219' title='bbox 1441 1839 1445 1843; x_wconf 83' lang='lat'>&#39;</span> 
     </span>
    </p>

    <p class='ocr_par' dir='ltr' id='par_1_10' title="bbox 217 1884 1638 1946">
     <span class='ocr_line' id='line_1_31' title="bbox 217 1884 1638 1946; baseline -0.002 -16"><span class='ocrx_word' id='word_1_220' title='bbox 217 1894 275 1940; x_wconf 71' lang='lat' dir='ltr'>P,</span> <span class='ocrx_word' id='word_1_221' title='bbox 297 1891 368 1936; x_wconf 78' lang='grc'>85.</span> <span class='ocrx_word' id='word_1_222' title='bbox 402 1890 440 1944; x_wconf 59' lang='grc' dir='ltr'>ἓ.</span> <span class='ocrx_word' id='word_1_223' title='bbox 469 1890 509 1932; x_wconf 88' lang='grc'>6.</span> <span class='ocrx_word' id='word_1_224' title='bbox 571 1885 646 1930; x_wconf 84' lang='lat' dir='ltr'>Ad</span> <span class='ocrx_word' id='word_1_225' title='bbox 674 1885 884 1944; x_wconf 82' lang='lat' dir='ltr'>publicas</span> <span class='ocrx_word' id='word_1_226' title='bbox 909 1900 979 1927; x_wconf 83' lang='lat' dir='ltr'>res</span> <span class='ocrx_word' id='word_1_227' title='bbox 1003 1884 1165 1927; x_wconf 75' lang='lat' dir='ltr'>referri</span> <span class='ocrx_word' id='word_1_228' title='bbox 1191 1900 1374 1942; x_wconf 75' lang='lat' dir='ltr'>quoque</span> <span class='ocrx_word' id='word_1_229' title='bbox 1402 1901 1532 1946; x_wconf 80' lang='lat' dir='ltr'>posse</span> <span class='ocrx_word' id='word_1_230' title='bbox 1566 1885 1638 1926; x_wconf 73' lang='lat' dir='ltr'>vi·-</span> 
     </span>
    </p>

    <p class='ocr_par' dir='ltr' id='par_1_11' title="bbox 360 1942 1639 2063">
     <span class='ocr_line' id='line_1_32' title="bbox 360 1942 1639 2004; baseline -0.002 -15"><span class='ocrx_word' id='word_1_231' title='bbox 360 1946 477 1999; x_wconf 85' lang='lat' dir='ltr'>deo,</span> <span class='ocrx_word' id='word_1_232' title='bbox 510 1959 625 2004; x_wconf 86' lang='lat' dir='ltr'>quae</span> <span class='ocrx_word' id='word_1_233' title='bbox 661 1943 719 1985; x_wconf 87' lang='lat' dir='ltr'>ad</span> <span class='ocrx_word' id='word_1_234' title='bbox 748 1945 1016 1987; x_wconf 84' lang='lat' dir='ltr'>concionem</span> <span class='ocrx_word' id='word_1_235' title='bbox 1052 1960 1076 1984; x_wconf 82' lang='lat' dir='ltr'><strong>a</strong></span> <span class='ocrx_word' id='word_1_236' title='bbox 1106 1942 1384 1986; x_wconf 81' lang='lat' dir='ltr'>Telemacho</span> <span class='ocrx_word' id='word_1_237' title='bbox 1410 1942 1639 1986; x_wconf 58' lang='lat' dir='ltr'>relataad</span> 
     </span>
     <span class='ocr_line' id='line_1_33' title="bbox 362 2000 1084 2063; baseline -0.001 -17"><span class='ocrx_word' id='word_1_238' title='bbox 362 2006 564 2063; x_wconf 84' lang='lat' dir='ltr'>privatas</span> <span class='ocrx_word' id='word_1_239' title='bbox 588 2002 822 2062; x_wconf 79' lang='lat' dir='ltr'>pertinere</span> <span class='ocrx_word' id='word_1_240' title='bbox 859 2000 953 2043; x_wconf 83' lang='lat' dir='ltr'>dixi</span> <span class='ocrx_word' id='word_1_241' title='bbox 984 2002 1022 2056; x_wconf 61' lang='grc' dir='ltr'>ἓ.</span> <span class='ocrx_word' id='word_1_242' title='bbox 1048 2000 1084 2045; x_wconf 81' lang='lat' dir='ltr'>l·</span> 
     </span>
    </p>

    <p class='ocr_par' dir='ltr' id='par_1_12' title="bbox 327 2059 1054 2108">
     <span class='ocr_line' id='line_1_34' title="bbox 327 2059 1054 2108; baseline -0.012 0"><span class='ocrx_word' id='word_1_243' title='bbox 327 2066 361 2108; x_wconf 86' lang='lat'>5.</span> <span class='ocrx_word' id='word_1_244' title='bbox 396 2079 432 2105; x_wconf 88' lang='lat' dir='ltr'>c.</span> <span class='ocrx_word' id='word_1_245' title='bbox 454 2060 575 2107; x_wconf 73' lang='lat' dir='ltr'>VIII.</span> <span class='ocrx_word' id='word_1_246' title='bbox 637 2060 705 2104; x_wconf 87' lang='lat' dir='ltr'>Cf.</span> <span class='ocrx_word' id='word_1_247' title='bbox 736 2060 787 2101; x_wconf 89' lang='lat' dir='ltr'>L.</span> <span class='ocrx_word' id='word_1_248' title='bbox 808 2059 887 2103; x_wconf 84' lang='lat' dir='ltr'>IV.</span> <span class='ocrx_word' id='word_1_249' title='bbox 920 2073 956 2100; x_wconf 88' lang='lat' dir='ltr'>c.</span> <span class='ocrx_word' id='word_1_250' title='bbox 993 2060 1054 2102; x_wconf 82' lang='lat'>¹5.</span> 
     </span>
    </p>

    <p class='ocr_par' dir='ltr' id='par_1_13' title="bbox 327 2114 1637 2291">
     <span class='ocr_line' id='line_1_35' title="bbox 327 2114 1637 2174; baseline -0.003 -13"><span class='ocrx_word' id='word_1_251' title='bbox 327 2123 366 2166; x_wconf 82' lang='grc'>8.</span> <span class='ocrx_word' id='word_1_252' title='bbox 395 2121 430 2173; x_wconf 56' lang='grc' dir='ltr'>ᾗ.</span> <span class='ocrx_word' id='word_1_253' title='bbox 454 2123 493 2163; x_wconf 87' lang='grc'>5.</span> <span class='ocrx_word' id='word_1_254' title='bbox 550 2119 677 2173; x_wconf 81' lang='lat' dir='ltr'>Quae</span> <span class='ocrx_word' id='word_1_255' title='bbox 709 2117 905 2174; x_wconf 83' lang='lat' dir='ltr'>perjurii</span> <span class='ocrx_word' id='word_1_256' title='bbox 932 2131 1105 2173; x_wconf 78' lang='lat' dir='ltr'>poena,</span> <span class='ocrx_word' id='word_1_257' title='bbox 1135 2126 1188 2158; x_wconf 85' lang='lat' dir='ltr'>ut</span> <span class='ocrx_word' id='word_1_258' title='bbox 1213 2115 1406 2159; x_wconf 80' lang='lat' dir='ltr'>maxime</span> <span class='ocrx_word' id='word_1_259' title='bbox 1443 2114 1637 2158; x_wconf 83' lang='lat' dir='ltr'>differa-</span> 
     </span>
     <span class='ocr_line' id='line_1_36' title="bbox 367 2173 1633 2233; baseline -0.002 -15"><span class='ocrx_word' id='word_1_260' title='bbox 367 2189 469 2226; x_wconf 82' lang='lat' dir='ltr'>tur,</span> <span class='ocrx_word' id='word_1_261' title='bbox 501 2173 749 2233; x_wconf 77' lang='lat' dir='ltr'>aliquando</span> <span class='ocrx_word' id='word_1_262' title='bbox 782 2185 934 2217; x_wconf 84' lang='lat' dir='ltr'>tamen</span> <span class='ocrx_word' id='word_1_263' title='bbox 975 2175 1226 2217; x_wconf 81' lang='lat' dir='ltr'>certissime</span> <span class='ocrx_word' id='word_1_264' title='bbox 1262 2176 1506 2231; x_wconf 78' lang='lat' dir='ltr'>perjurum</span> <span class='ocrx_word' id='word_1_265' title='bbox 1537 2190 1633 2216; x_wconf 85' lang='lat' dir='ltr'>ma-</span> 
     </span>
     <span class='ocr_line' id='line_1_37' title="bbox 371 2230 1479 2291; baseline -0.003 -16"><span class='ocrx_word' id='word_1_266' title='bbox 371 2244 452 2277; x_wconf 85' lang='lat' dir='ltr'>net</span> <span class='ocrx_word' id='word_1_267' title='bbox 484 2244 530 2276; x_wconf 88' lang='lat' dir='ltr'>et</span> <span class='ocrx_word' id='word_1_268' title='bbox 564 2231 841 2291; x_wconf 77' lang='lat' dir='ltr'>adsequitur.</span> <span class='ocrx_word' id='word_1_269' title='bbox 899 2230 1008 2277; x_wconf 86' lang='lat' dir='ltr'>Vid.</span> <span class='ocrx_word' id='word_1_270' title='bbox 1036 2231 1086 2273; x_wconf 90' lang='lat' dir='ltr'>Il.</span> <span class='ocrx_word' id='word_1_271' title='bbox 1111 2232 1203 2284; x_wconf 86' lang='lat' dir='ltr'>IV,</span> <span class='ocrx_word' id='word_1_272' title='bbox 1240 2233 1319 2276; x_wconf 82' lang='lat'>158</span> <span class='ocrx_word' id='word_1_273' title='bbox 1347 2247 1479 2290; x_wconf 71' lang='lat' dir='ltr'>seqq.</span> 
     </span>
    </p>

    <p class='ocr_par' dir='ltr' id='par_1_14' title="bbox 223 2288 1647 2636">
     <span class='ocr_line' id='line_1_38' title="bbox 223 2288 1642 2354; baseline -0.005 -18"><span class='ocrx_word' id='word_1_274' title='bbox 223 2297 274 2342; x_wconf 90' lang='lat' dir='ltr'>P.</span> <span class='ocrx_word' id='word_1_275' title='bbox 298 2296 368 2354; x_wconf 84' lang='lat'>96.</span> <span class='ocrx_word' id='word_1_276' title='bbox 425 2289 693 2336; x_wconf 73' lang='lat' dir='ltr'>Phoenices</span> <span class='ocrx_word' id='word_1_277' title='bbox 720 2296 913 2345; x_wconf 61' lang='grc' dir='ltr'>τρῶκται.</span> <span class='ocrx_word' id='word_1_278' title='bbox 950 2289 1196 2332; x_wconf 82' lang='lat' dir='ltr'>Homericis</span> <span class='ocrx_word' id='word_1_279' title='bbox 1222 2290 1534 2348; x_wconf 78' lang='lat' dir='ltr'>temporlbus,</span> <span class='ocrx_word' id='word_1_280' title='bbox 1560 2288 1642 2330; x_wconf 87' lang='lat' dir='ltr'>in·-</span> 
     </span>
     <span class='ocr_line' id='line_1_39' title="bbox 373 2344 1643 2410; baseline -0.005 -18"><span class='ocrx_word' id='word_1_281' title='bbox 373 2351 476 2410; x_wconf 86' lang='lat' dir='ltr'>quit</span> <span class='ocrx_word' id='word_1_282' title='bbox 518 2346 775 2401; x_wconf 82' lang='lat' dir='ltr'>Thiersch,</span> <span class='ocrx_word' id='word_1_283' title='bbox 808 2347 864 2390; x_wconf 88' lang='lat' dir='ltr'>de</span> <span class='ocrx_word' id='word_1_284' title='bbox 906 2346 1001 2389; x_wconf 85' lang='lat' dir='ltr'>div.</span> <span class='ocrx_word' id='word_1_285' title='bbox 1028 2346 1080 2388; x_wconf 90' lang='lat' dir='ltr'>Il.</span> <span class='ocrx_word' id='word_1_286' title='bbox 1112 2358 1159 2388; x_wconf 82' lang='lat' dir='ltr'>et</span> <span class='ocrx_word' id='word_1_287' title='bbox 1192 2346 1281 2389; x_wconf 91' lang='lat' dir='ltr'>Od.</span> <span class='ocrx_word' id='word_1_288' title='bbox 1310 2357 1484 2399; x_wconf 85' lang='lat' dir='ltr'>aetate,</span> <span class='ocrx_word' id='word_1_289' title='bbox 1517 2344 1643 2403; x_wconf 83' lang='lat' dir='ltr'>apud</span> 
     </span>
     <span class='ocr_line' id='line_1_40' title="bbox 366 2404 1642 2460; baseline -0.007 -8"><span class='ocrx_word' id='word_1_290' title='bbox 366 2408 500 2452; x_wconf 82' lang='lat' dir='ltr'>Jahn.</span> <span class='ocrx_word' id='word_1_291' title='bbox 539 2405 696 2448; x_wconf 84' lang='lat' dir='ltr'>Jahrb.</span> <span class='ocrx_word' id='word_1_292' title='bbox 733 2416 819 2447; x_wconf 84' lang='lat' dir='ltr'>etc.</span> <span class='ocrx_word' id='word_1_293' title='bbox 851 2406 981 2447; x_wconf 87' lang='lat' dir='ltr'>Tom.</span> <span class='ocrx_word' id='word_1_294' title='bbox 1005 2404 1081 2448; x_wconf 82' lang='lat' dir='ltr'>III.</span> <span class='ocrx_word' id='word_1_295' title='bbox 1125 2404 1173 2446; x_wconf 89' lang='lat' dir='ltr'>P.</span> <span class='ocrx_word' id='word_1_296' title='bbox 1199 2419 1235 2446; x_wconf 83' lang='lat'>2.</span> <span class='ocrx_word' id='word_1_297' title='bbox 1282 2419 1326 2460; x_wconf 82' lang='lat' dir='ltr'>p.</span> <span class='ocrx_word' id='word_1_298' title='bbox 1355 2406 1460 2454; x_wconf 71' lang='lat'><strong>10⁹3,</strong></span> <span class='ocrx_word' id='word_1_299' title='bbox 1495 2417 1642 2459; x_wconf 80' lang='lat' dir='ltr'>eoque</span> 
     </span>
     <span class='ocr_line' id='line_1_41' title="bbox 370 2459 1643 2521; baseline -0.005 -13"><span class='ocrx_word' id='word_1_300' title='bbox 370 2481 508 2518; x_wconf 88' lang='lat' dir='ltr'>aevo,</span> <span class='ocrx_word' id='word_1_301' title='bbox 542 2462 667 2521; x_wconf 86' lang='lat' dir='ltr'>quod</span> <span class='ocrx_word' id='word_1_302' title='bbox 701 2459 821 2505; x_wconf 88' lang='lat' dir='ltr'>bello</span> <span class='ocrx_word' id='word_1_303' title='bbox 862 2464 1068 2514; x_wconf 72' lang='lat' dir='ltr'>Trojano</span> <span class='ocrx_word' id='word_1_304' title='bbox 1103 2463 1362 2519; x_wconf 74' lang='lat' dir='ltr'>proximum</span> <span class='ocrx_word' id='word_1_305' title='bbox 1395 2460 1504 2507; x_wconf 86' lang='lat' dir='ltr'>fuit,</span> <span class='ocrx_word' id='word_1_306' title='bbox 1540 2476 1643 2503; x_wconf 77' lang='lat' dir='ltr'>enm</span> 
     </span>
     <span class='ocr_line' id='line_1_42' title="bbox 374 2518 1643 2574; baseline -0.007 -9"><span class='ocrx_word' id='word_1_307' title='bbox 374 2523 480 2574; x_wconf 80' lang='lat' dir='ltr'>alii,</span> <span class='ocrx_word' id='word_1_308' title='bbox 511 2530 608 2562; x_wconf 83' lang='lat' dir='ltr'>tum</span> <span class='ocrx_word' id='word_1_309' title='bbox 643 2520 893 2563; x_wconf 84' lang='lat' dir='ltr'>Phoenices</span> <span class='ocrx_word' id='word_1_310' title='bbox 934 2518 1051 2574; x_wconf 82' lang='lat' dir='ltr'>(vid.</span> <span class='ocrx_word' id='word_1_311' title='bbox 1080 2521 1129 2562; x_wconf 85' lang='lat' dir='ltr'>F.</span> <span class='ocrx_word' id='word_1_312' title='bbox 1164 2522 1215 2563; x_wconf 90' lang='lat' dir='ltr'>A.</span> <span class='ocrx_word' id='word_1_313' title='bbox 1247 2519 1417 2571; x_wconf 61' lang='lat' dir='ltr'>Uuert,</span> <span class='ocrx_word' id='word_1_314' title='bbox 1451 2521 1643 2561; x_wconf 77' lang='lat' dir='ltr'>Bemer-</span> 
     </span>
     <span class='ocr_line' id='line_1_43' title="bbox 370 2575 1647 2636; baseline -0.006 -12"><span class='ocrx_word' id='word_1_315' title='bbox 370 2581 553 2636; x_wconf 80' lang='lat' dir='ltr'>kungen</span> <span class='ocrx_word' id='word_1_316' title='bbox 599 2579 714 2620; x_wconf 82' lang='lat' dir='ltr'>iiber</span> <span class='ocrx_word' id='word_1_317' title='bbox 768 2578 893 2619; x_wconf 80' lang='lat' dir='ltr'>Hom·</span> <span class='ocrx_word' id='word_1_318' title='bbox 938 2578 1100 2630; x_wconf 81' lang='lat' dir='ltr'>Geogr.</span> <span class='ocrx_word' id='word_1_319' title='bbox 1146 2578 1363 2619; x_wconf 77' lang='lat' dir='ltr'>Weiznar.</span> <span class='ocrx_word' id='word_1_320' title='bbox 1414 2592 1483 2617; x_wconf 91' lang='lat' dir='ltr'>an.</span> <span class='ocrx_word' id='word_1_321' title='bbox 1520 2575 1647 2618; x_wconf 74' lang='grc' dir='ltr'><strong>18ι4.</strong></span> 
     </span>
    </p>
   </div>
   <div class='ocr_carea' id='block_1_3' title="bbox 372 2631 1651 2731">
    <p class='ocr_par' dir='ltr' id='par_1_15' title="bbox 372 2631 1651 2731">
     <span class='ocr_line' id='line_1_44' title="bbox 372 2631 1645 2730; baseline -0.007 -49"><span class='ocrx_word' id='word_1_322' title='bbox 372 2655 419 2697; x_wconf 85' lang='lat' dir='ltr'>p.</span> <span class='ocrx_word' id='word_1_323' title='bbox 453 2641 504 2681; x_wconf 73' lang='grc' dir='ltr'>ιδ</span> <span class='ocrx_word' id='word_1_324' title='bbox 533 2647 580 2678; x_wconf 77' lang='lat' dir='ltr'>et</span> <span class='ocrx_word' id='word_1_325' title='bbox 603 2636 669 2691; x_wconf 83' lang='grc'>4.)</span> <span class='ocrx_word' id='word_1_326' title='bbox 711 2649 867 2677; x_wconf 83' lang='lat' dir='ltr'>rerum</span> <span class='ocrx_word' id='word_1_327' title='bbox 907 2635 1188 2677; x_wconf 73' lang='lat' dir='ltr'>nauticarum</span> <span class='ocrx_word' id='word_1_328' title='bbox 1228 2643 1411 2690; x_wconf 85' lang='lat' dir='ltr'>praeter</span> <span class='ocrx_word' id='word_1_329' title='bbox 1441 2632 1548 2676; x_wconf 86' lang='lat' dir='ltr'>alios</span> <span class='ocrx_word' id='word_1_330' title='bbox 1565 2631 1645 2730; x_wconf 64' lang='lat' dir='ltr'>lii-</span> 
     </span>
     <span class='ocr_line' id='line_1_45' title="bbox 603 2705 1651 2731; baseline -0.006 6"><span class='ocrx_word' id='word_1_331' title='bbox 603 2711 608 2714; x_wconf 90' lang='lat'>·</span> <span class='ocrx_word' id='word_1_332' title='bbox 1585 2705 1651 2731; x_wconf 71' lang='grc' dir='ltr'>ωε</span> 
     </span>
    </p>
   </div>
   <div class='ocr_carea' id='block_1_4' title="bbox 296 2065 324 2168">
    <p class='ocr_par' dir='ltr' id='par_1_16' title="bbox 296 2065 324 2168">
     <span class='ocr_line' id='line_1_46' title="bbox 296 2065 324 2168; textangle 90"><span class='ocrx_word' id='word_1_333' title='bbox 296 2065 324 2168; x_wconf 79' lang='lat' dir='ltr'>CCCO</span> 
     </span>
    </p>
   </div>
   <div class='ocr_carea' id='block_1_5' title="bbox 221 2067 273 2168">
    <p class='ocr_par' dir='ltr' id='par_1_17' title="bbox 221 2067 273 2168">
     <span class='ocr_line' id='line_1_47' title="bbox 222 2067 273 2109; baseline -0.078 0"><span class='ocrx_word' id='word_1_334' title='bbox 222 2067 273 2109; x_wconf 90' lang='lat' dir='ltr'>P.</span> 
     </span>
     <span class='ocr_line' id='line_1_48' title="bbox 221 2124 272 2168; baseline -0.098 0"><span class='ocrx_word' id='word_1_335' title='bbox 221 2124 272 2168; x_wconf 91' lang='lat' dir='ltr'>P.</span> 
     </span>
    </p>
   </div>
  </div>
 </body>
</html>
