1780 3120
616 133 1189 200 HOMERIGA.
1550 167 1608 218 71

189 284 261 333 De
288 283 384 334 filio
419 282 712 349 percontanti
737 281 897 347 Ulyssi
925 279 1175 346 respondet
1216 281 1263 327 in
1291 283 1449 332 inferis
1478 284 1607 332 Anti·

191 352 308 402 elea:

314 420 385 463 Σὸν
421 452 432 464 .
469 450 482 462 .
523 450 534 462 .
568 414 665 461 οὔπω
697 433 747 467 τις
773 412 854 474 ἔχει
881 417 992 459 >cxliv
1019 419 1146 476 γέρας·
1183 414 1281 458 ἀλλὰ
1311 415 1438 469 ’ἔκηὶες

315 485 540 543 Τηλέμαχος
570 488 702 542 τεμένη
723 486 871 540 νέμεται
895 488 928 524 ¹.

248 545 288 610 ξ.
326 564 370 594 2.
439 546 546 593 Huc
587 546 824 610 pertinent
863 543 1003 590 etiam
1036 547 1231 601 θέμιστες,
1275 561 1390 610 quas
1432 542 1601 591 Achiui

183 621 341 658 earum
366 610 553 658 urbium
583 610 754 659 incolas
795 609 981 655 daturos
1017 608 1217 656 affirmat
1252 610 1568 674 Agamemnon
1592 646 1604 667 ‚

183 691 297 739 quas
339 677 454 743 ipsi,
488 676 568 724 ubi
612 678 708 724 irae
748 683 1078 738 temperasset,
1113 692 1161 722 se
1193 692 1432 723 cessurum
1468 673 1603 740 polli-

182 750 329 790 cetur.
401 741 537 800 Tibi,
573 742 759 806 inquit,
793 740 924 803 ἄνδρες
953 742 1196 804 πολὺῥρηνες,
1233 745 1454 800 πολυβοῦται

314 842 570 856 ......
607 811 674 854 ὑπὸ
699 814 880 868 σκήπτρῳ
909 810 1070 870 λιπαρὲς
1103 811 1261 855 τελέουσι
1293 812 1467 869 θέμιστας
1490 817 1528 853 2.

183 871 312 928 Quae
337 877 504 932 θέμιστες
531 871 692 937 quales
727 870 898 917 fuerint
933 887 1022 918 nec
1049 873 1160 918 satis
1182 872 1328 938 liquet
1360 889 1448 919 nec
1484 873 1609 919 inter

181 952 345 984 omnes
386 939 606 986 convenit
629 938 666 986 5.
734 936 848 983 Mihi
883 935 1074 1000 quidem
1117 947 1226 984 sunt
1273 939 1455 997 omnia,
1492 955 1609 1004 quae

180 1001 368 1064 regibus
406 1008 520 1050 τελεῖν
569 1008 671 1064 θέμις
707 1008 809 1059 ἐστὶ,
853 1004 955 1064 jure
1005 1003 1310 1067 praestanda,
1362 1009 1410 1051 τοὶ
1455 1005 1607 1061 δίκαια,

180 1069 274 1114 sive
318 1085 422 1132 rege
463 1067 664 1135 -jubente
705 1067 882 1125 soluta,
919 1067 1012 1114 sive
1054 1068 1135 1114 ubi
1180 1086 1253 1114 res
1294 1071 1358 1116 ita
1399 1068 1607 1132 postula-

180 1141 287 1179 rent
308 1150 538 1181 concessa.
607 1133 801 1180 Tributa
820 1132 970 1191 enim,
1007 1133 1160 1199 qualia
1187 1133 1296 1181 dein
1330 1133 1454 1182 dieta
1479 1143 1605 1191 suut,

180 1207 392 1246 accurate
439 1198 673 1264 descripta
723 1199 920 1262 cogitare
969 1208 1015 1246 et
1055 1198 1197 1266 hujus
1250 1201 1347 1247 aevi
1397 1200 1605 1247 conditio

178 1272 303 1310 vetat
336 1273 382 1311 et
418 1264 612 1329 simplex
636 1264 818 1312 illarum
856 1264 1093 1311 civitatum
1117 1264 1407 1314 constitutio.
1461 1267 1604 1322 ‘'Oa-oz,

181 1327 334 1394 inquit
373 1329 676 1388 Scholiastes‚
722 1333 780 1377 δεῖ
814 1334 977 1387 βασιλέα
1017 1335 1224 1391 λαμβάνειν
1262 1338 1367 1396 παρὰ
1399 1341 1471 1378 τῶν
1505 1337 1606 1386 ὑπη-

179 1400 273 1440 κόων
291 1431 303 1452 ,
337 1398 491 1450 εὐκόλως
512 1399 690 1444 δώσουσι·
727 1396 821 1443 τοῦτ’
842 1399 927 1442 ἔστι
957 1400 1022 1442 καὶ
1053 1400 1290 1460 ὑποταγέντες
1317 1400 1418 1460 αὐτῷ
1443 1399 1542 1444 nocto?
1566 1401 1606 1445 τὸ

179 1460 317 1506 δίκαιον
331 1499 342 1520 ‚
378 1465 567 1525 λαμπροὺς
602 1466 787 1508 τελέσουσι
804 1467 928 1524 φόρους
951 1462 992 1508 4.

242 1525 283 1588 ἕ.
318 1527 363 1573 3.
429 1527 620 1573 Praeter
656 1531 831 1587 θέμιστας
871 1526 1056 1590 regibus
1088 1531 1192 1591 δῶρα
1234 1529 1350 1577 item
1371 1527 1605 1576 dabantur

177 1591 275 1637 sive
301 1592 478 1648 δωτΐναι,
513 1608 630 1657 quae
668 1592 755 1638 etsi
791 1592 978 1638 fortasse
1015 1594 1266 1640 maximam
1302 1606 1376 1641 rcus
1420 1600 1603 1654 θεμίστων

174 1664 357 1720 partem
398 1656 669 1721 effecerint,
721 1673 775 1703 eo
819 1665 969 1704 tamen
1010 1660 1202 1705 nomine
1242 1658 1299 1705 ab
1330 1660 1384 1705 iis
1422 1660 1603 1706 diversa

175 1722 316 1768 fuisse
333 1722 648 1787 suspicamur,
671 1722 799 1787 quod
826 1723 1080 1780 voluntaria
1105 1724 1259 1789 potius
1285 1734 1437 1772 esseut
1461 1743 1601 1789 quam

177 1787 404 1850 imperata
423 1787 461 1835 5.
528 1787 674 1852 Reges
704 1788 829 1834 enim
861 1806 965 1834 suas
990 1790 1082 1854 ipsi
1109 1790 1264 1854 copias
1283 1808 1375 1837 nou
1401 1791 1602 1848 alebant,

176 1851 268 1898 nisi
297 1851 566 1907 muneribus
587 1890 598 1910 ,
632 1870 748 1918 quae
769 1852 865 1899 dixi
886 1891 897 1912 ,
933 1871 958 1899 a
988 1854 1160 1918 populo
1191 1855 1391 1913 collatis,
1429 1855 1598 1921 quibus

176 1918 381 1981 urgentis
421 1916 532 1963 belli
566 1926 774 1982 tempore
814 1918 958 1964 auctis
991 1920 1064 1966 vel
1100 1920 1241 1966 etiam
1278 1939 1302 1967 a
1342 1937 1447 1986 rege
1482 1922 1599 1968 sorte

175 1982 336 2047 petitis
356 1982 465 2029 socii
490 1991 804 2030 evocarentur.
872 1983 1202 2032 Commentum
1243 1994 1368 2033 certe
1409 1985 1602 2052 praebet

176 2047 407 2112 populus,
444 2048 643 2113 exempli
677 2049 820 2112 gratia
845 2048 1107 2113 Troianus,
1143 2068 1316 2117 quem,
1352 2051 1411 2099 ad
1451 2054 1599 2101 socios

176 2113 328 2179 inquit
360 2113 535 2160 Hector
566 2151 576 2170 ,
615 2122 874 2160 vestrorum
918 2134 1053 2163 causa
1085 2120 1232 2180 ὃώρεισι
1269 2124 1496 2182 κατατρύχω
1537 2131 1602 2165 καὶ

175 2180 293 2243 ἐδωδῇ
315 2179 355 2226 6.
420 2178 602 2240 Quibus
633 2178 741 2226 belli
783 2181 1130 2229 necessitatibus
1170 2183 1393 2247 Troianas
1430 2201 1502 2232 res
1533 2194 1602 2231 at-

1527 2252 1607 2298 tri-

224 2365 262 2409 1)
288 2363 352 2402 Od.
373 2367 419 2402 XI
435 2395 444 2412 ‚
471 2369 535 2403 183
548 2381 618 2414 seq.
655 2368 708 2403 Cf.
733 2369 775 2404 Il.
805 2370 880 2414 ΧΥ,
907 2372 983 2406 185.
1087 2371 1125 2416 2)
1150 2372 1191 2408 ll.
1214 2372 1279 2412 IX,
1307 2375 1382 2410 156.
1407 2373 1462 2410 cll.
1483 2385 1596 2420 praec.

181 2430 231 2455 vs.
278 2420 330 2455 De
351 2434 382 2459 v.
408 2423 559 2469 λιπαρὸς
585 2424 630 2458 cf.
660 2424 808 2460 Nitzsch.
846 2425 888 2459 ad
919 2426 984 2462 od.
1006 2425 1080 2471 IV,
1107 2440 1172 2473 209
1196 2440 1265 2473 seq.
1305 2428 1387 2474 ibiq.
1423 2429 1484 2464 cit.
1511 2437 1602 2466 auct.

178 2474 274 2517 5)1n
290 2475 441 2513 diversas
464 2486 580 2523 partes
609 2478 771 2514 abierunt
800 2480 1019 2526 interpretes.
1071 2481 1148 2517 vid.
1174 2482 1407 2527 scholiastae,
1430 2483 1543 2528 Heyn.
1567 2491 1602 2518 et

182 2530 336 2576 Kb'ppen.
360 2532 402 2566 ad
426 2532 470 2569 11.
492 2533 515 2569 l.
536 2532 561 2570 l.
602 2533 647 2568 G.
673 2534 737 2570 W.
763 2534 914 2572 Nitzseh.
942 2535 983 2569 ad
1017 2535 1083 2571 od.
1108 2536 1150 2580 1,
1177 2539 1383 2583 113—117.
1432 2536 1470 2572 P.
1495 2538 1534 2573 F.
1557 2541 1599 2572 A.

179 2585 333 2622 Nitzseh.
354 2586 415 2633 Op.
436 2586 462 2623 l.
491 2594 574 2622 tom.
597 2587 658 2623 IV.
685 2601 718 2634 p.
738 2601 784 2626 m.
809 2593 863 2626 25.
899 2590 1037 2626 Mulier.
1059 2592 1121 2635 Op.
1141 2591 1166 2627 l.
1191 2591 1258 2627 vol.
1280 2591 1345 2626 ΙΙΙ.
1371 2604 1401 2636 p.
1423 2593 1485 2626 105
1505 2604 1603 2638 seqq.

180 2640 220 2682 4)
253 2639 366 2676 Schol.
395 2642 436 2676 A.
468 2640 513 2678 D.
552 2641 594 2676 ad
632 2642 677 2679 11.
708 2643 774 2688 IX,
807 2646 883 2680 156.
1022 2645 1061 2689 5)
1088 2645 1142 2681 Cf.
1182 2653 1340 2680 auctores
1376 2657 1450 2680 mox
1484 2647 1597 2682 citati.

182 2695 220 2740 6)
247 2694 288 2732 11.
310 2693 429 2742 XVII,
453 2698 531 2735 225.
558 2696 613 2734 cll.
636 2709 680 2735 vs.
701 2711 764 2734 220
788 2711 881 2744 seqq.
1081 2753 1108 2786 Ε

1133 2767 1154 2788 -k
