1780 3120
174 159 237 208 36
527 146 1197 215 ANTIQUITAS

179 305 284 340 rum
332 284 456 333 festis
487 283 628 332 fiebat
665 282 911 349 praecipue
929 320 941 342 ‚
990 283 1158 349 quibus
1205 285 1264 333 ad
1310 286 1589 335 hilaritatem

183 352 427 419 compositi
460 349 638 397 facilius
685 366 734 396 se
761 348 1024 395 consociare
1057 350 1333 418 liberiusque
1358 352 1491 417 genio
1517 353 1594 399 in-

184 419 374 484 dulgere
403 425 558 462 amant
581 414 808 460 homines.
873 414 1064 462 Etenim

384 513 589 530 .....
622 482 702 526 ούὸέ
724 499 758 526 τι
783 483 891 540 θυμὸς
920 483 1056 527 ἐδεύετο
1074 481 1194 535 δαιτὸς
1217 484 1316 535 ἐΐσης
1339 494 1375 528 ².

188 553 403 599 Ceterum
436 561 582 610 usque
613 544 726 591 adeo
755 544 846 606 sibi
878 543 1178 608 indulgebant
1198 545 1257 592 ab
1287 547 1409 593 omni
1442 546 1600 594 labore

191 622 453 671 cessantes,
488 620 541 657 ut
563 611 793 657 Antinous
824 612 1100 674 pronunciet
1121 615 1173 656 2:

321 682 405 728 Nau
429 681 497 740 μὲν
524 703 587 716 —-—
615 682 712 724 κατὰ
741 678 858 737 δῆμον
883 681 989 739 ἑορτὴ
1018 689 1088 723 ‘ceto
1115 680 1204 722 θεοῖο

323 745 438 807 Ἀγνή
458 760 469 772 ·
505 750 558 796 τίς
588 743 628 788 δέ
651 763 693 788 κε
722 743 813 796 τόξα
833 743 1040 797 τιταίνειτ’;
1075 745 1173 788 ἀλλὰ
1193 744 1317 797 ἕκηλει

320 810 508 856 Κάτθετ’·
539 813 640 871 ἀτὰρ
665 811 840 862 πελέκεάς
869 828 912 870 γε
935 812 998 853 καὶ
1023 805 1091 853 εἵκ’
1114 813 1244 870 εἰῶμεν
1265 811 1435 861 ἅπαντας

321 878 525 935 Ἑστάμεν·

197 939 374 992 scilicet
424 939 639 986 festivum
689 937 837 985 otium
886 945 1154 1001 expetentes
1183 976 1195 995 ‚
1249 946 1302 983 ut
1348 937 1411 983 ait
1449 937 1616 983 Eusta-

200 1008 326 1054 thius
349 1005 397 1065 5,
430 1013 478 1060 ὡς
502 1016 567 1058 τῆς
596 1010 720 1067 ἑορτῆς
743 1009 876 1065 ἀργίαν
902 1007 1105 1056 ἐθελούσης.
1173 1004 1244 1051 De
1273 1002 1495 1049 conviviis
1525 1000 1616 1047 alio

195 1074 304 1120 -loco
333 1072 501 1117 acturis
536 1069 650 1116 haec
685 1068 821 1115 nobis
853 1066 912 1113 de
952 1067 1245 1114 sacrificandi
1284 1066 1455 1114 ritibus
1492 1066 1618 1112 dicta

204 1136 450 1187 sufficiant.
526 1137 655 1195 Quae
700 1135 825 1180 enim
871 1130 931 1177 ad
973 1132 1222 1196 singularia
1258 1133 1464 1179 Deorum
1496 1148 1622 1177 saera

207 1203 444 1269 pertinent
481 1201 664 1247 infinita
707 1207 816 1246 sunt
838 1235 850 1258 ‚
885 1213 974 1244 nec
1009 1198 1067 1245 ab
1103 1199 1339 1258 Homero,
1372 1215 1462 1264 quo
1505 1195 1624 1244 duce

201 1268 411 1327 utimur,
444 1274 775 1314 memorantur.

527 1638 872 1687 CAPUT
955 1636 1341 1686 NONUM.

687 1823 691 1825 Α
734 1785 798 1816 DE
843 1784 1128 1816 DONARus,

293 1942 333 2004 ξ.
374 1959 412 1988 1.
479 1908 813 1985 observanda
833 1937 883 1983 in
910 1937 1117 1983 Deorum
1146 1934 1270 1983 cultu
1298 1944 1546 2000 supersunt
1572 1936 1648 1983 do-

230 2007 358 2055 naria
381 2007 429 2062 4,
466 2020 581 2068 quae
620 2001 890 2049 numinibus
931 2003 979 2047 in
1018 2001 1201 2066 templis
1228 2000 1645 2065 suspendebantur.

231 2072 301 2118 Ut
349 2071 475 2117 enim
513 2068 706 2114 humani
743 2069 922 2131 generis
956 2085 1084 2131 reges
1129 2068 1296 2112 summi
1334 2066 1649 2113 salutabantur

230 2137 350 2195 Dei,
385 2138 448 2182 ita
480 2134 708 2196 regiarum
747 2132 929 2179 aedium
967 2150 1163 2184 numero
1202 2130 1496 2177 habebantur
1533 2141 1651 2177 tem-

233 2203 334 2268 pla,
370 2218 486 2264 quae
517 2200 643 2246 varia
676 2215 816 2263 eaque
852 2199 1183 2263 pretiosissima
1213 2196 1498 2261 supellectile
1524 2214 1653 2243 exor-

235 2268 336 2315 nari
359 2266 543 2312 divinae
570 2265 781 2328 dignitati
799 2273 1163 2310 consentaneum
1189 2263 1337 2310 visum
1359 2262 1444 2308 fuit
1461 2261 1651 2326 Diisque

234 2332 562 2397 gratissimum.
640 2331 744 2390 Quo
785 2328 978 2394 quidem
1015 2328 1168 2377 ossicio
1209 2327 1506 2392 exsequendo
1553 2329 1652 2388 Diis

1587 2391 1658 2440 vel

287 2530 324 2572 ι)
349 2527 394 2562 ll.
418 2527 458 2572 1,
481 2525 560 2562 468.
631 2525 668 2565 2)
696 2524 758 2559 Od.
785 2523 878 2569 XXI,
904 2527 970 2560 258
992 2536 1083 2571 seqq.
1154 2524 1192 2569 5)
1218 2523 1267 2558 Ad
1294 2523 1358 2557 Od.
1384 2523 1406 2559 l.
1428 2523 1453 2557 l.
1523 2520 1563 2565 4)
1589 2523 1659 2555 ’A-

242 2585 439 2628 γάλμηῑα,
461 2588 499 2613 ut
522 2579 587 2616 Od.
606 2580 670 2613 XII
687 2608 695 2623 ‚
721 2581 799 2626 547.
824 2580 866 2613 ad
889 2581 959 2625 q.l.
995 2578 1175 2624 Eustath.‚
1203 2580 1321 2624 λέγει,
1347 2579 1482 2623 inquit,
1509 2580 1575 2610 νῦν
1598 2576 1661 2608 οὕ-

239 2651 292 2670 ιτω
322 2639 367 2668 τὰ
394 2637 642 2680 ἀναθήματα,
667 2646 751 2679 quae
782 2638 909 2668 θεῖναι
931 2634 1068 2680 proprie
1104 2633 1273 2669 dicebant.
1319 2633 1376 2667 Cf.
1409 2632 1504 2667 Idem
1531 2631 1570 2666 ad
1596 2630 1661 2665 Od-

239 2692 314 2736 111,
339 2691 415 2736 274.
