1780 3120
595 136 1169 228 HoMERIcA.
1514 179 1580 244 69

157 303 228 350 ias
254 301 363 360 fuit,
396 298 527 365 quod,
551 298 673 346 vocis
699 303 873 357 βασιλεὺς
899 309 1089 363 etymon
1118 303 1279 350 suadet
1304 318 1318 340 ¹
1336 344 1348 365 ‚
1384 318 1430 355 ct
1462 327 1571 360 cum

158 368 227 414 rei
266 376 460 422 natura,
501 373 601 411 tum
637 365 827 411 istarum
871 366 1110 413 civitatum
1156 368 1334 417 indoles
1376 376 1573 437 probare

155 431 390 479 videntur.
456 432 560 491 Qua
588 431 713 494 pacis
744 439 952 493 tempore
987 431 1237 495 gaudebat,
1264 439 1506 486 auctoritas
1526 444 1578 489 in

156 496 332 562 justitia
354 494 720 545 administranda
760 496 1052 559 potissimum
1090 498 1357 548 versabatur
1379 514 1425 559 2,
1460 523 1574 569 quae

159 561 349 626 quidem
374 570 581 627 potestas
603 559 790 624 regibus
821 560 941 607 ultro
963 563 1092 627 quasi
1118 565 1278 623 cessit,
1316 576 1362 613 et
1390 571 1577 616 merito-

158 641 266 673 rum
302 628 355 674 in
398 625 518 674 bello
550 625 644 672 suis
680 627 1005 691 praestitorum
1026 664 1038 685 ,
1072 637 1125 674 ut
1155 629 1219 676 ita
1256 629 1438 691 dicam,
1474 635 1580 682 effe.

157 699 262 738 ctus
290 691 378 738 fuit
417 700 464 738 et
495 689 699 755 sequela.
768 690 1176 750 Quemadmodum
1212 693 1271 742 de
1306 698 1575 764 Sarpedone

156 756 329 803 cecinit
355 756 612 804 Homerus:
736 811 739 814 ,

131 867 136 873 ,
342 823 424 876 “Ος
452 823 599 874 Λυκίην
621 826 739 883 εἴρυτο
768 823 898 884 δίκῃσί
914 842 954 869 τε
977 828 1040 870 aar!
1066 829 1189 872 σθένεϊ
1207 824 1238 889 ᾦ
1259 827 1296 876 5.

159 885 314 932 Sacris
363 895 600 950 praeterea
636 885 774 932 rebus
812 898 1088 950 praeerant,
1133 891 1182 936 in
1213 890 1379 957 quibus
1418 903 1578 944 tamen

157 967 318 1014 regum
358 960 558 1016 potestas
603 967 756 1015 neque
807 952 1060 1001 admodum
1089 956 1240 1020 ampla
1279 960 1392 1014 fuit,
1427 979 1579 1027 neque

159 1015 221 1064 ad
258 1033 386 1063 sacra
429 1015 584 1063 omnia
620 1015 862 1079 pertinuit.
931 1020 1060 1079 Quae
1106 1021 1425 1084 sacerdotum,
1462 1044 1580 1091 quae

159 1097 324 1145 regum
373 1083 425 1129 in
456 1082 514 1128 iis
554 1089 706 1146 partes
747 1080 948 1141 fuerint,
997 1095 1123 1132 certo
1167 1085 1353 1135 definiri
1399 1093 1578 1157 nequit.

159 1145 379 1193 Plurimis
415 1146 581 1202 sacris,
614 1147 886 1209 praesertim
931 1148 1010 1195 ubi
1050 1150 1225 1215 templa
1262 1154 1480 1214 aderant,
1517 1175 1586 1204 sa-

162 1210 396 1269 cerdotes,
436 1220 487 1258 ut
515 1210 721 1269 videtur,
759 1212 1088 1274 praesuerunt:
1131 1217 1180 1262 in
1211 1219 1302 1265 suis
1331 1222 1420 1284 ipsi
1458 1223 1584 1269 aedi-

165 1275 254 1322 bus
271 1293 322 1324 ea
345 1276 729 1324 administrarunt
752 1275 917 1324 hero‘e's
941 1279 984 1325 4:
1006 1290 1052 1326 at
1069 1280 1255 1345 publica
1281 1301 1408 1334 sacra
1428 1290 1586 1336 omnia

163 1341 389 1389 curabant
417 1359 547 1405 reges
569 1342 606 1400 5,
632 1350 684 1386 ut
712 1349 906 1389 testatur
931 1361 1115 1411 quoque
1142 1348 1436 1415 Aristoteles,
1470 1355 1584 1421 qui,

162 1423 293 1470 reges
310 1443 326 1470 ,
356 1407 538 1473 inquit,
572 1411 686 1470 κύριοι
719 1410 874 1466 θυσιῶν,
907 1411 992 1456 ’ἆσαι
1026 1417 1082 1472 μὴ
1110 1419 1294 1477 ἱερατικαί
1314 1415 1354 1475 6,-

407 1724 753 1772 CAPUT
837 1728 1345 1784 TERTIUM.

586 1873 649 1902 DE
697 1873 940 1905 DOMINIO
984 1876 1172 1909 REGIO.

229 2012 270 2078 ξ.
311 2029 348 2058 1.
414 1981 614 2074 Regiae
644 2009 877 2074 dignitatis
910 2011 1041 2060 velut
1075 2025 1419 2068 auctoramenta
1444 2040 1583 2087 quae-

168 2079 275 2126 dam
308 2076 500 2123 fuerunt
546 2074 735 2123 honoris
767 2095 874 2142 ergo
915 2080 1119 2148 principi
1161 2102 1185 2130 a
1226 2086 1400 2150 populo
1439 2088 1587 2139 desti-

165 2153 273 2192 nata
304 2150 349 2189 et
373 2140 568 2199 donata,
603 2159 720 2206 quae
748 2153 889 2206 γέρατα
918 2146 1148 2207 passima
1176 2150 1319 2200 Poeta
1345 2151 1584 2206 dicuntur.

167 2211 227 2258 In
257 2207 327 2255 his
352 2206 443 2254 fuit
469 2213 610 2267 τέμενος
634 2219 680 2266 7,
718 2210 815 2273 agri
846 2226 873 2256 a
905 2213 1071 2259 ceteris
1113 2226 1321 2280 separata
1349 2235 1458 2285 pars
1492 2240 1584 2269 am.

1478 2287 1556 2352 pla
1573 2327 1586 2348 ,

215 2394 253 2438 1)
278 2395 307 2428 A
339 2393 417 2434 βάω
448 2406 477 2431 s.
506 2395 612 2435 βάσις
638 2404 671 2430 et
704 2394 776 2438 ἴλη.
871 2397 911 2442 2)
936 2399 1034 2434 Unde
1064 2402 1329 2440 θεμιστοπόλοι
1361 2404 1522 2442 dicuntur
1554 2417 1589 2446 et

173 2447 412 2493 δικασπόλοι,
436 2456 475 2482 ut
505 2449 550 2485 Il.
572 2450 613 2495 I,
643 2452 721 2485 258.
745 2449 791 2486 al.
909 2452 948 2496 5)
973 2453 1017 2491 Il.
1044 2454 1147 2501 XVI,
1170 2459 1246 2492 542.
1297 2457 1348 2493 Cf.
1372 2458 1396 2492 l.
1432 2472 1536 2506 supra
1563 2464 1589 2500 l,

173 2502 214 2546 4)
241 2501 320 2537 Vid.
338 2501 428 2537 dicta
448 2504 488 2539 L.
506 2516 536 2539 1.
562 2517 591 2538 c.
612 2507 645 2540 4.
672 2508 702 2551 ᾗ.
718 2518 730 2538 1
753 2516 823 2550 seq.
901 2506 940 2551 5)
967 2507 1020 2544 Cf.
1041 2509 1180 2547 Mulier.
1197 2511 1259 2556 Op.
1282 2512 1307 2549 l.
1332 2513 1435 2549 vol-I.
1462 2529 1494 2561 p.
1514 2520 1592 2553 186.

175 2556 242 2592 vol.
273 2555 346 2600 111,
377 2569 410 2602 p.
439 2569 494 2603 99-
530 2567 565 2593 et
596 2559 747 2593 Nitzsch.
775 2560 818 2593 ad
850 2559 913 2597 od.
944 2562 1019 2607 ΠΙ,
1043 2566 1122 2609 439.
1254 2567 1292 2610 6)
1317 2567 1421 2604 Polit.
1454 2569 1493 2606 L.
1522 2572 1592 2606 111.

172 2622 203 2646 c.
225 2611 281 2645 14.
399 2610 436 2657 7)
462 2611 597 2648 Alcinoi
623 2615 772 2654 τέμενος
789 2615 909 2659 procul
941 2624 1016 2651 erat
1045 2618 1087 2651 ab
1108 2618 1192 2653 urbe
1219 2620 1344 2664 situm,
1369 2629 1405 2655 ut
1433 2633 1529 2667 patet
1551 2640 1590 2661 ex

176 2663 243 2700 Od.
273 2663 453 2754 VII,11¹12
481 2679 598 2713 seqq.‚
636 2680 735 2714 quem
762 2668 785 2706 l.
819 2669 854 2703 in
883 2670 1004 2715 primis
1032 2674 1199 2709 consulas.
1260 2675 1311 2711 Cf.
1341 2676 1590 2716 VVachsmuth·

178 2718 241 2763 Op.
267 2719 293 2756 l.
317 2730 354 2752 vo
372 2746 380 2754 .
421 2746 430 2756 .
455 2733 486 2766 p.
513 2723 569 2758 85.

1102 2772 1176 2806 ΕΞ
