1780 3120
187 135 291 202 :98
568 133 1251 196 ANTIQUITAS

181 262 556 329 insigniebantur
576 304 589 326 ,
632 274 687 314 ut
725 274 835 314 sunt
867 266 998 314 frena
1035 266 1238 329 (χαλινὸς,
1271 267 1399 330 ἠνιὸν)
1429 288 1596 333 aurea,

176 333 209 382 i.
231 350 269 378 e.
296 349 404 378 auro
430 341 613 389 ornata,
651 332 799 388 unde,
825 333 903 398 qui
933 332 1160 395 ejusmodi
1186 334 1327 381 frenis
1357 353 1497 399 equos
1522 355 1594 385 re-

180 406 325 462 gunt,
373 406 560 460 χρυσήυιοι
592 397 841 453 dicuntur,
892 416 1031 461 quam
1069 415 1228 444 vocem
1261 400 1318 445 de
1356 402 1483 461 Diis,
1532 404 1595 450 cle

176 462 416 511 Artemide
440 473 487 510 et
520 463 671 522 Hade,
707 464 922 510 adhibuit
965 465 1109 510 Poe'ta
1135 474 1170 513 ¹.
1230 464 1318 510 Vel
1345 465 1486 513 ebore
1519 469 1595 515 in-

181 529 324 593 signia
349 528 443 575 lora
473 528 820 593 Paphlagonum
856 531 982 592 regi,
1025 529 1318 593 Pylaemeni,
1356 531 1492 578 fuisse
1527 532 1602 579 di-

179 603 371 641 cuntur:
408 602 492 647 ἡνία
523 593 619 641 λεύκ’
651 601 820 659 ε’)..έφκυτι
843 607 878 640 ².
949 593 1126 641 Eodem
1165 595 1334 656 ebore,
1370 597 1451 642 sed
1480 615 1595 661 pur-

180 677 297 724 pura
336 661 515 716 tincto,
561 660 796 707 maxillam
821 659 1053 724 (παρήϊον)
1087 662 1315 709 conficere
1367 672 1594 712 noverant

180 726 357 777 Carum
385 734 432 772 et
465 726 710 773 Maeonum
742 727 968 774 feminae:

459 824 475 840 .
507 794 568 839 ὅτε
598 801 652 847 τίς
677 791 711 840 τ’
735 796 918 857 ἐλέφαντα
941 799 1031 855 γυνὴ
1057 800 1183 858 φοίνικι
1205 794 1318 858 μιῇνῃ

309 862 448 919 Μῃονίς
465 895 476 915 ,
510 859 553 912 ἢε
585 859 736 921 Κάειρα
754 896 766 916 ,
799 866 955 920 παρήϊον
980 858 1137 920 ἔμμεναι
1161 866 1284 906 ἵππων
1307 858 1343 905 5.

177 921 359 983 Quibus
390 939 619 987 equorum
644 924 928 969 ornamentis
965 924 1282 971 accensendus
1312 934 1381 972 est
1412 923 1597 971 funicu-

176 987 248 1036 lus
281 1005 318 1038 s.
353 987 617 1043 vinculum,
655 1003 765 1034 auro
803 988 1011 1050 insigne,
1047 1006 1140 1053 quo
1178 990 1230 1035 in
1273 990 1428 1036 fronte
1466 1006 1597 1053 spara

181 1070 258 1102 sae
287 1070 445 1100 comae
486 1070 763 1118 quacunque
805 1053 999 1100 tandem
1034 1055 1214 1100 ratione
1243 1053 1463 1102 collectae
1493 1057 1597 1119 jun·

178 1118 417 1183 gebantur.
486 1120 678 1166 Certum
714 1117 838 1167 enim
870 1117 1064 1164 modum
1094 1119 1223 1166 haud
1260 1119 1437 1167 indicat
1480 1121 1598 1165 Poe-

174 1193 247 1243 ta,
282 1202 367 1231 nec
415 1185 611 1249 simplici
659 1183 801 1231 ver-bo
836 1185 1013 1241 utitur,
1049 1202 1141 1249 quo
1184 1186 1425 1233 vinculum
1474 1183 1594 1233 illud

173 1249 419 1315 designet,
457 1252 539 1298 sed
579 1251 835 1315 composita
869 1268 981 1297 voce
1013 1268 1123 1297 usus
1145 1267 1287 1314 equos
1331 1250 1444 1298 dicit
1474 1271 1595 1313 xpus<

174 1320 376 1378 ἀμπυκας,
415 1333 503 1380 qua
535 1317 769 1363 communi
817 1316 1025 1363 omnium
1077 1317 1304 1363 sententia
1339 1333 1485 1382 equos
1535 1316 1594 1363 si-

175 1383 363 1445 gnificat
381 1399 516 1428 aureo
549 1381 779 1449 ejusmodi
807 1381 1022 1441 vinculo,
1058 1381 1183 1447 quod
1211 1383 1343 1443 ἄμπυξ
1380 1391 1594 1441 vocatur,

174 1449 392 1511 insignes.
474 1447 704 1512 Locuples
743 1447 818 1494 hic
854 1457 995 1495 testes
1037 1457 1106 1494 est
1147 1448 1420 1495 Eustathius
1450 1487 1461 1506 ‚
1510 1448 1591 1514 qui

170 1514 305 1575 ἅμπυξ
324 1551 335 1573 ,
369 1515 544 1579 inquit,
581 1520 686 1576 σειραὶ
736 1516 974 1576 κατάχρυσος
1015 1519 1081 1567 τὰς
1119 1519 1204 1575 περί
1236 1520 1275 1560 τὸ
1315 1525 1481 1575 μέτωπον
1521 1526 1596 1561 τῶν,

172 1586 291 1627 ἱππῶυ
315 1589 447 1643 τρίχας
480 1583 678 1626 συνδέουσα
700 1579 739 1625 4.
810 1581 938 1637 Quae
975 1578 1167 1643 quidem
1201 1597 1425 1644 equorum
1457 1597 1593 1625 orna-

171 1654 328 1691 menta
358 1662 450 1691 non
478 1645 589 1708 ipsis
619 1654 797 1690 tantum
822 1644 979 1691 decori
1003 1653 1161 1700 erant,
1196 1645 1278 1690 sed
1314 1654 1359 1690 et
1389 1643 1595 1693 dominis

167 1709 436 1775 dignitatem
463 1728 513 1756 ac
548 1710 733 1756 laudem
758 1709 1043 1771 quaerebant
1064 1728 1074 1755 :

297 1776 548 1842 Ἀμφότερεν,
585 1787 717 1837 κάπρως
753 1773 785 1821 θ’
807 1783 935 1837 ἵππῳ,
970 1779 1128 1837 ἐλατῆρί
1146 1796 1185 1822 τε
1214 1778 1315 1829 κῦδος
1338 1776 1374 1822 5.

237 1844 275 1907 §.
311 1846 357 1904 4.
425 1843 573 1905 Equis
611 1859 705 1887 non
748 1842 837 1887 nisi
876 1841 1029 1887 currui
1081 1842 1250 1904 junctis
1299 1840 1595 1904 pugnabatur

172 1918 318 1956 aetate
362 1908 566 1955 heroica.
642 1909 801 1971 Itaque
853 1925 959 1953 cum
1010 1906 1229 1971 frequens
1284 1908 1340 1955 ab
1385 1908 1589 1953 Homero

174 1992 393 2021 curruum
441 1989 759 2038 equorumque
812 1972 883 2019 his
931 1975 1197 2035 junctorum
1240 1973 1415 2020 mentm
1477 1973 1591 2033 fiat,

170 2058 322 2106 neque
348 2041 458 2105 ipsi,
497 2039 763 2106 aequalibus
789 2042 966 2104 quippe
989 2037 1231 2093 scribenti,
1265 2056 1380 2104 opus
1400 2039 1459 2084 sit
1486 2056 1588 2093 mo-

169 2106 283 2155 dum
314 2123 577 2170 exponere,
615 2123 707 2169 quo
759 2105 866 2170 equi
912 2104 1125 2150 curribus
1165 2113 1412 2168 aptentur,
1449 2103 1586 2151 nobis

166 2173 356 2240 quidem
388 2188 552 2236 operae
582 2171 787 2237 pretium
815 2170 983 2218 facturi
1012 2170 1098 2218 visi
1131 2186 1317 2230 sumuS,
1350 2171 1390 2218 si
1415 2170 1589 2217 nostris

1527 2234 1592 2281 le·-

210 2384 249 2429 1)
273 2382 354 2416 vid.
389 2379 431 2416 11.
453 2379 518 2420 VI,
546 2382 625 2417 205.
663 2381 727 2415 Od.
751 2380 860 2425 VIII,
885 2382 963 2418 285.
1105 2379 1144 2423 2)
1169 2376 1251 2415 vid.
1284 2376 1329 2415 Il.
1356 2377 1411 2424 V,
1435 2379 1514 2416 583.
1539 2377 1585 2414 ad

163 2453 196 2485 q.
217 2439 241 2475 l.
278 2438 323 2474 es.
357 2436 517 2472 Eustath.
555 2444 589 2470 et
619 2436 732 2472 schol.
769 2437 812 2473 B.
835 2437 872 2472 L.
899 2437 940 2470 ad
974 2436 1017 2473 ΙΙ.
1046 2435 1159 2480 VIII,
1185 2436 1248 2470 116
1268 2445 1340 2479 seq.
1476 2434 1512 2478 5)
1537 2434 1582 2471 11.

164 2495 237 2538 IV,
265 2495 325 2528 141
352 2504 445 2537 seqq.
493 2491 729 2534 Σιναλόεντα
751 2493 888 2536 χαλίνα
910 2499 990 2527 sunt
1012 2491 1186 2534 ποικίλα,
1211 2489 1246 2523 id
1263 2497 1331 2533 est,
1355 2489 1460 2523 variis
1484 2489 1584 2524 colo-

164 2549 260 2585 ribus
282 2547 442 2589 insignia.
491 2545 571 2582 Vid.
606 2546 648 2582 ll.
666 2546 726 2591 V,
750 2550 812 2581 226
834 2546 875 2581 ad
900 2560 935 2593 fl.
959 2547 982 2581 l.
1008 2545 1053 2580 cf.
1081 2545 1192 2581 Schol.
1222 2553 1256 2578 et
1278 2544 1445 2590 interpr„
1468 2543 1583 2588 Apoll.»

166 2605 250 2641 Lex.
270 2610 305 2637 et
328 2600 478 2645 Hesych.
508 2601 545 2635 in
567 2612 596 2638 v,
715 2600 755 2644 4)
780 2602 858 2641 vid.
881 2601 1007 2637 Eusth.
1030 2600 1073 2634 ad
1099 2600 1141 2636 Il.
1167 2599 1197 2633 V
1213 2627 1222 2644 ,
1247 2600 1328 2635 558.
1376 2599 1432 2635 Cf.
1457 2599 1579 2644 XXII,

164 2660 245 2705 469.
278 2664 314 2693 ot
341 2667 401 2692 nos
424 2655 465 2692 L.
487 2654 556 2694 111.
583 2666 614 2695 e.
634 2667 667 2703 7·
691 2657 723 2703 ᾖ.
742 2669 778 2695 a.
893 2656 933 2702 5)
960 2655 1004 2695 11.
1026 2655 1104 2701 IV.
1130 2655 1207 2693 145.
