1780 3120
598 117 1253 173 HoM·ER1cA.,
1502 134 1603 184 219

182 257 276 304 Per
323 261 461 318 caput
487 290 498 309 ‚
549 267 695 315 genua
715 287 727 307 ‚
781 259 826 295 et
866 255 991 312 ψυχῆν
1043 265 1226 315 quoque
1275 247 1601 311 obsecrabant.¹

183 323 286 382 Quo
314 317 454 366 modo
481 316 539 364 ad
567 315 789 375 Ulyssem
819 315 1187 380 Theoclymenus

305 381 495 443 Λι’σσομ’,
535 382 710 447 inquit,
745 387 837 446 ὑπερ
855 386 966 428 θυέων
991 386 1055 427 καὶ
1075 382 1266 442 δαιμενσς,
1290 383 1412 445 αὐτὰρ
1430 380 1564 429 ἔπειτα

306 454 384 503 Σῆς
410 448 444 496 τ’
469 452 578 496 αὐτοῦ
601 450 761 511 κεφαλῆς
782 484 794 505 ,
829 452 894 493 καί
916 453 1096 512 ἑταίρων,
1128 453 1163 493 οἵ
1185 467 1239 495 τοι
1256 449 1403 494 ἕπονται
1419 485 1433 506 ,

313 515 419 562 Εἰπέ
451 536 514 576 μει
539 520 710 576 εἰρομένῳ
735 520 945 577 νημερτέα,
979 511 1071 575 μηδ’
1088 516 1306 575 ἐπικεύσῃς,

307 586 399 636 Τι’ς;
434 585 541 628 πόθεν
559 578 610 632 εἷς
631 581 789 641 ἀνδρῶν;
834 583 917 627 πόθι
945 599 997 627 τει
1020 581 1121 633 πόλις
1139 614 1153 638 ,
1187 579 1253 632 ἠδὲ
1274 588 1428 638 τοκῆες;
1454 586 1474 612 ¹
1488 591 1504 603 ⁶

172 645 399 695 Achillem

308 745 515 760 .....
549 727 566 759 ”.
600 715 858 775 ὀλιγοδρανέων
884 717 1040 775 προςέφη
1066 711 1294 773 κορυθαίολος
1307 708 1498 772 Ἕκτωρ·

302 775 470 837 Alco-:fl
501 780 596 839 ὑπὲρ
626 783 775 839 ψυχῆς,
810 779 874 821 καῖ
904 781 1037 838 γούνων
1059 811 1071 832 ,
1105 786 1183 823 σῶν
1213 795 1255 824 τε
1282 783 1452 834 τοκήων,

305 846 377 895 Μή
398 862 448 902 με
479 843 527 886 ἔα
549 849 655 906 παρὰ
679 847 785 896 νηυσὶ
811 845 921 895 κύνας
948 842 1166 902 καταδάψαι
1197 839 1371 904 Ἀχαιῶν
1391 851 1438 875 ²·

172 905 415 970 Singulare
437 905 639 972 denique
669 914 767 963 est,
805 905 932 970 quod
960 923 1047 971 per
1085 915 1314 956 exsertam
1345 921 1599 955 mammam

170 972 367 1020 Hectori
394 969 628 1036 supplicat
657 969 867 1017 Helena:

276 1042 450 1101 ’Έκτορ,
484 1044 608 1084 τέκνον
633 1041 719 1098 ἐμὸν
737 1073 750 1095 ,
785 1038 875 1083 τάδε
896 1033 932 1084 τ’
958 1039 1081 1094 αἴδεο,
1114 1043 1179 1085 καὶ
1202 1037 1247 1100 μ’
1270 1042 1417 1093 ἐλέησον

298 1106 451 1155 Αὐτῆν·
489 1107 525 1147 εἴ
555 1111 643 1150 ποτέ
672 1121 724 1148 τοι
754 1104 958 1155 λαθικηδέα
983 1107 1101 1162 μαζὲν
1123 1108 1306 1166 ἐπέσχεν,

301 1171 389 1215 Τῶν
417 1179 589 1229 μνῆσαι,
615 1170 698 1232 φίλε
731 1175 876 1214 τέκνεν·
912 1169 1031 1228 ἄμυνε
1061 1168 1100 1214 δὲ
1120 1170 1227 1222 δήϊον
1255 1170 1378 1233 ἄνδρα
1399 1167 1438 1215 5.

231 1232 270 1296 §.
308 1231 354 1280 3.
436 1234 508 1279 Eo
552 1249 718 1280 manus
760 1230 1016 1278 tendebant
1067 1233 1379 1300 supplicantes
1396 1273 1410 1295 ‚
1459 1233 1590 1284 unde

166 1297 386 1345 auxilium
409 1297 498 1344 sibi
525 1296 777 1365 petebant,
812 1305 866 1343 ut
895 1296 1100 1345 Achilles
1118 1337 1130 1358 ‚
1165 1300 1249 1365 qui

298 1397 557 1411 ......
590 1370 707 1427 μητρὶ
739 1367 824 1426 φίλῃ
855 1368 1021 1427 ἠρήσατο
1051 1378 1183 1428 χεῖρας
1206 1370 1351 1430 ὀρφώς
1372 1365 1414 1411 4.

163 1427 370 1476 Peneliio
395 1427 600 1477 Ilioneus

298 1528 759 1542 ..........
791 1495 894 1547 ἕζετο
925 1505 1029 1557 χεῖρε
1053 1502 1246 1548 πετάσσας
1267 1493 1306 1540 5.

226 1559 267 1622 ξ.
301 1559 350 1619 4.
417 1559 490 1607 Ut
531 1557 589 1605 ab
628 1559 797 1624 injuria
831 1567 957 1605 tutos
991 1575 1039 1605 se
1080 1567 1368 1623 praestarent
1405 1560 1581 1624 suppli·

159 1640 236 1670 ces
258 1662 271 1680 ‚
305 1640 475 1688 eosque
496 1661 509 1683 ,
546 1641 660 1690 quos
696 1622 932 1682 adierant,
967 1623 1198 1687 religionis
1233 1626 1350 1690 ipsis
1391 1625 1577 1674 debitae

158 1689 494 1747 admonerent,
527 1690 709 1754 insigne
756 1688 993 1753 quoddam
1032 1706 1193 1737 secum
1214 1690 1453 1749 ferebant,
1487 1710 1580 1758 quo

160 1755 331 1800 muniti
372 1755 524 1800 securi
562 1764 608 1801 et
639 1755 731 1801 tuti
768 1754 982 1801 inimicos
1016 1755 1156 1801 etiam
1192 1755 1390 1803 adirent.
1459 1757 1580 1806 Inde

157 1828 226 1865 est
241 1857 251 1875 ‚
288 1818 411 1884 quod
430 1819 628 1884 Chryses
647 1856 659 1877 ‚
677 1820 990 1882 Troianorum
1013 1821 1216 1867 hostium
1246 1829 1393 1868 castra
1411 1860 1422 1879 ‚
1452 1831 1503 1869 ut
1526 1825 1580 1871 fi-

157 1883 273 1930 liam
300 1884 497 1930 redimat
521 1923 532 1942 ‚
569 1886 825 1948 petiturus,
862 1902 1005 1930 manu
1038 1887 1241 1932 tenuisse
1277 1886 1456 1934 dicatur
1483 1898 1582 1943 σκή-

156 1969 269 2014 πτρου
285 1960 442 2014 χρυσέων
456 1987 469 2010 ,
492 1951 568 1996 cui
589 1965 788 2015 superne
829 1948 1053 2013 illigatum
1078 1961 1177 1998 erat
1198 1960 1352 2014 στέμμα
1374 1953 1396 1987 6
1438 1956 1583 2002 Ἀπόλ-

1501 2023 1580 2067 λω-

200 2145 238 2188 1)
260 2144 326 2181 Od.
349 2145 436 2190 XV,
459 2144 523 2180 261
544 2155 639 2191 seqq.
767 2145 807 2190 2)
832 2144 874 2181 ΙΙ.
899 2145 1018 2185 XXII,
1043 2147 1109 2181 558
1135 2158 1228 2192 seqq.
1357 2148 1396 2192 5)
1422 2148 1463 2185 11.
1488 2150 1525 2185 L.
1545 2150 1573 2188 l.

152 2207 202 2232 vs.
220 2200 265 2234 80
280 2211 373 2244 seqq.
499 2199 540 2243 4)
566 2199 608 2236 ΙΙ.
624 2199 666 2244 1,
691 2200 769 2236 551.
818 2199 872 2236 cf.
897 2200 937 2237 L.
957 2200 987 2237 Ι.
1012 2213 1041 2237 c.
1063 2203 1095 2238 6.
1119 2203 1150 2247 §.
1172 2203 1203 2237 6.
1328 2202 1368 2245 5)
1394 2202 1437 2238 11.
1463 2204 1569 2251 XIV,

150 2253 231 2296 495.
347 2252 387 2297 6)
412 2253 574 2294 Στέμμα
597 2261 633 2288 et
649 2255 800 2299 στέφος,
825 2253 939 2300 inquit
971 2254 1158 2300 Gregorius
1190 2255 1401 2303 Dankovsky
1432 2258 1469 2292 in
1497 2267 1571 2296 not.

150 2306 195 2338 ad
215 2305 259 2340 Il-
281 2305 322 2352 I,
347 2309 399 2342 14.
417 2334 428 2353 ,
451 2307 507 2342 cui
531 2308 718 2355 posteriori
733 2309 862 2343 formae
887 2302 984 2357 slep,
1007 2309 1087 2346 boh.
1112 2323 1211 2356 scep,
1234 2311 1276 2347 sl.
1301 2312 1455 2347 surculus
1479 2313 1572 2348 insi-

147 2359 272 2405 titius,
294 2360 480 2397 nobilitans
498 2391 509 2409 ‚
533 2363 613 2398 hinc
640 2363 784 2398 Graecis
799 2392 808 2408 ,
832 2376 956 2398 corona
974 2393 983 2409 ,
1015 2365 1210 2411 respondet.
1263 2365 1410 2402 Homeri
1437 2379 1485 2405 vs.
1508 2371 1566 2407 14.

316 2415 476 2458 Στέμμα
499 2419 535 2450 τ’
562 2417 654 2461 ἔχων
678 2419 715 2450 ἐν
738 2420 866 2463 χερσὶν
891 2419 1072 2463 ἑκηβόλου
1090 2420 1324 2460 ’Λπόλλωνος

149 2465 200 2500 ita
223 2468 346 2504 vertit:
640 2489 645 2494 ·

314 2523 560 2571 Surculumque
585 2533 702 2560 tenens
726 2525 761 2559 in
784 2525 869 2560 volis
895 2526 984 2560 foras
1007 2528 1177 2564 radiantis
1199 2529 1377 2566 Meridiei.

149 2574 209 2609 Sol
229 2578 459 2624 meridianus,
484 2581 621 2626 inquit,
645 2580 758 2614 radios
779 2580 813 2612 in
835 2593 951 2614 omnes
973 2582 1088 2627 plagas
1110 2583 1295 2629 diffundit,
1330 2584 1411 2620 hinc
1433 2584 1570 2628 ἑκηβό-

149 2629 221 2667 λος.
267 2630 321 2664 ef.
345 2640 415 2669 not.
441 2633 482 2668 ad
507 2646 556 2670 vs.
579 2636 634 2679 57.
683 2634 776 2668 Nova
806 2635 958 2678 profecto
994 2644 1029 2670 et
1063 2637 1172 2681 mira,
1208 2646 1247 2672 ut
1277 2637 1439 2683 plurima.
1487 2638 1567 2673 Viri

148 2682 227 2730 CL,
259 2684 441 2723 literarum
479 2686 693 2724 Graecarum
735 2688 771 2723 in
806 2688 847 2726 h.
882 2690 1066 2725 Academia
1093 2690 1295 2727 Posoniensi
1328 2693 1564 2738 professoris,

1472 2750 1564 2794 Ope-
