1780 3120
618 154 1214 223 HoMERICA.'
1542 168 1607 223 83

190 312 346 372 pugna
379 301 511 351 finita
549 300 599 348 in
643 302 806 350 castris
846 308 896 359 εἷς
929 307 1069 367 ἀγορὴν
1106 301 1257 348 coacti
1295 311 1406 350 sunt
1441 298 1606 370 Troja-

185 373 236 418 ni
264 382 302 417 1:
335 370 482 417 immo
506 383 616 416 vero
649 373 688 414 ἐν
722 373 904 433 καθαρῷ,
938 367 1091 416 media
1122 367 1247 414 inter
1275 383 1512 415 caesorum
1530 389 1605 418 ca·

183 435 377 493 davera,
428 441 531 498 νόσφι
572 435 660 480 νεῶν
695 439 846 498 ἀγαγὼν
879 435 931 481 in
975 432 1251 481 concionem
1293 450 1399 479 suos
1428 434 1601 484 Hector

179 500 447 547 convocavit
469 510 505 544 2.
557 498 841 547 Phaeacibus
857 507 973 563 ἀγορὴ
1002 505 1105 562 παρὰ
1135 503 1239 553 νηυσὶ
1270 508 1418 546 τέτυκτο
1440 498 1478 546 3.
1512 502 1606 548 Ex-

177 572 248 611 tra
278 564 449 613 vallum
476 563 776 612 deliberaturi
799 566 1114 613 consederunt

308 632 491 695 Ἀργείων
525 633 704 689 βασιλῆες
731 635 808 678 ’ἑο-σι
853 636 1035 685 κεκλήατο
1058 634 1194 689 βουλήν
1216 629 1254 676 4.

244 695 284 759 ξ.
318 696 364 742 6.
431 696 502 741 De
539 694 741 759 publicis
793 714 889 743 non
940 705 1151 754 tantum,
1189 693 1270 741 sed
1312 692 1371 741 de
1410 695 1604 760 privatis

175 761 314 808 etiam
334 760 472 807 rebus
492 760 541 805 in
567 762 787 807 concione
813 762 1047 822 agebatur.
1115 763 1183 808 Ita
1211 777 1383 824 nempe
1404 761 1464 806 de
1491 779 1603 826 pro-

176 843 335 872 corum
367 824 584 871 violentia
624 835 757 891 atque
795 828 979 891 injuriis
1022 828 1070 873 in
1119 828 1342 874 concione
1390 829 1601 892 queritur

170 890 478 938 Telemachus
501 890 550 950 5,
585 890 644 937 ad
671 910 810 956 quam
863 911 922 939 ne
964 894 1022 940 de
1064 893 1205 940 caede
1247 891 1334 938 sibi
1370 892 1598 942 intentata

168 957 369 1016 referat,
418 955 486 1002 illi
530 966 744 1004 metuunt
766 958 800 1003 6.
884 961 1013 1019 Quae
1058 958 1296 1006 concionis
1350 957 1594 1006 habendae

166 1038 351 1069 causam
388 1021 707 1087 praebebant,
743 1024 1062 1087 significantur
1103 1024 1335 1087 Odysseae
1371 1022 1493 1070 libro
1527 1040 1598 1071 se-

166 1087 392 1147 cundo7‚
440 1087 521 1133 ubi
568 1089 822 1152 Aegyptius
867 1090 925 1136 ab
966 1089 1312 1149 Ithacensibus,
1362 1106 1505 1156 quare
1541 1090 1592 1138 in

167 1154 440 1200 concionem
467 1153 616 1200 vocati
643 1157 768 1212 sint,
805 1155 1065 1202 sciscitatur
1093 1154 1184 1202 ita:

595 1250 611 1266 ο
647 1253 659 1265 .
695 1227 777 1266 τίνα
805 1226 920 1282 χρειὼ
951 1228 1052 1269 τόσον
1078 1228 1174 1280 ἰ’κει;

291 1286 362 1330 Ἠέ
391 1284 455 1331 τιν’
488 1287 663 1347 ἀγγελίην
700 1297 859 1348 στρατῶ
880 1286 1011 1333 ἔκλυεν
1040 1292 1246 1350 ἐρχομένοιο

281 1352 363 1395 ”Ην
387 1351 427 1411 χ’
455 1355 544 1410 ἡμῖν
577 1358 680 1413 σάφα
711 1357 833 1410 εἴποι,
866 1355 927 1398 ὅτε
949 1358 1121 1415 πρότερός
1147 1371 1189 1414 γε
1217 1355 1389 1409 nister-&23

296 1411 368 1460 ’He'
396 1434 432 1461 τι
462 1416 591 1475 δήμιον
618 1418 713 1461 ἄλλο
735 1421 1003 1480 πιφαύσκεται,
1038 1417 1100 1470 ἠδ’
1121 1422 1314 1479 ἀγορεύει;

291 1482 448 1534 Ἐσθλός
470 1500 532 1541 μοι
567 1481 665 1526 δοκεῖ
689 1477 780 1528 εἶναι
799 1517 814 1543 ‚
847 1488 1040 1544 ὀνήμενος·
1075 1502 1117 1533 κ,
1143 1502 1182 1529 τ.
1208 1485 1244 1528 λ.

365 1841 706 1891 CAPUT
782 1840 1360 1894 SEPTIMUM.-

660 1987 728 2018 DE
771 1986 1045 2019 JUDICIIS.

243 2180 254 2190 .
295 2159 335 2191 1.
402 2115 634 2215 Quaevis
672 2139 1012 2188 controversiae
1041 2140 1092 2188 in
1129 2142 1228 2189 foro
1262 2143 1442 2194 solenni
1467 2145 1561 2196 rim

149 2226 175 2255 a
203 2207 436 2273 judicibus
464 2205 844 2271 disceptabantur
863 2243 875 2262 ‚
912 2207 991 2271 qui
1016 2225 1113 2254 non
1142 2225 1198 2254 ex
1223 2213 1324 2276 jure
1355 2214 1557 2278 scripto,

148 2273 276 2339 quod
322 2273 563 2337 ignorabat
606 2280 725 2318 aetas
768 2270 979 2325 heroica,
1017 2272 1099 2319 sed
1156 2291 1211 2320 ex
1247 2279 1477 2341 aequitate
1512 2288 1560 2325 et

147 2342 378 2403 majorum
402 2354 529 2385 more
551 2353 627 2383 eas
663 2336 936 2384 dirimerent
954 2347 1000 2385 et
1023 2355 1107 2385 sua
1138 2342 1305 2406 cuique
1339 2349 1438 2407 jura
1456 2344 1562 2391 red-

147 2404 329 2454 derent.
391 2404 520 2452 Hinc
542 2404 710 2451 Poeta:

1463 2512 1476 2522 ι
1491 2507 1504 2522 0
1523 2511 1535 2524 ο
1548 2504 1566 2525 0

190 2605 230 2649 ι)
255 2605 336 2643 vid.
368 2604 414 2644 11.
445 2605 588 2652 xvm,
620 2606 689 2644 245
717 2617 812 2652 seqq.
963 2606 1002 2650 2)
1033 2606 1114 2655 vid.
1156 2607 1200 2644 n.
1229 2589 1337 2654 v'm,
1370 2610 1439 2655 489
1462 2617 1560 2656 seqq.

145 2658 402 2706 5)0d.V111,
425 2663 457 2698 5.
548 2662 589 2707 4)
614 2662 659 2699 11.
688 2661 739 2704 x,
763 2661 840 2706 195.
935 2661 975 2705 5)
1002 2661 1082 2699 vid.
1107 2662 1170 2700 oa.
1192 2662 1248 2703 11,
1274 2665 1330 2697 50.
1413 2663 1452 2708 o)
1478 2657 1563 2697 via.

150 2713 216 2754 Od.
240 2713 342 2760 xvl,
366 2717 433 2762 376
456 2726 549 2762 seqq.
655 2715 691 2762 7)
717 2714 777 2749 Vs.
799 2717 844 2751 28
859 2727 955 2761 seqq.
1055 2769 1084 2804 F

1105 2783 1126 2805 2
