1780 3120
526 110 1099 163 -HOMERICA,
1434 118 1530 183 287

251 248 354 301 Τῆλε
382 245 421 294 δ’
443 249 694 308 ἀπεπλάγχθη
729 253 858 300 σάκεος
880 247 966 309 δόρυ
979 263 990 272 ·
1025 251 1177 308 χώσατο
1201 242 1437 310 δ”Έκτωρ,

227 315 349 359 “Oete
379 313 428 375 p‘i
451 319 480 358 οἱ
516 315 622 369 βέλος
646 315 723 357 ὠκὺ
752 317 900 357 ἐτώσιον
924 316 1063 376 ἔκφυγε
1098 316 1219 372 χειρός
1237 326 1248 337 ·

253 383 332 431 Στῆ
362 379 401 424 δὲ
430 386 649 439 κατηφήσας
667 413 679 434 ,
713 375 886 423 οιῖῑλόἷλλ7
910 376 979 438 ἐ’χε
1012 380 1168 437 μείλινον
1192 378 1301 437 ἔγχος
1326 388 1363 425 ².

114 444 188 491 Ex
225 441 394 507 quibus
426 442 619 489 Homeri
659 441 845 500 verbis,
892 444 1043 506 primo
1093 458 1171 488 eos
1218 458 1372 487 errare
1420 461 1531 491 con·

112 517 228 566 stat,
264 507 347 574 qui
375 507 538 555 heroas
563 507 822 554 minoribus
861 506 1003 554 hastis
1033 506 1237 564 eminus,
1275 508 1528 571 majoribus

109 582 269 620 contra
313 573 525 620 cominus
558 590 665 620 usos
702 589 800 620 esse
839 572 1088 622 affirment:
1138 573 1363 635 δολιχόσκιον
1403 574 1532 620 enim

107 639 219 702 ἔγχος
267 643 500 700 ἀμπεπαλὼν
541 643 657 701 προΐει
678 651 715 686 2.
794 637 985 687 Deinde
1022 637 1252 702 singulare
1301 636 1417 703 quid
1464 638 1526 686 de

109 705 315 752 Hectore
351 714 536 750 notasse
567 705 706 750 Poeta
748 703 963 762 videtur,
1008 720 1142 762 cum,
1187 702 1317 750 hasta
1348 703 1523 751 frustra

110 772 306 828 emissa,
351 768 492 815 altera
529 785 636 815 eum
682 770 882 816 caruisse
927 769 1107 817 diceret
1127 807 1138 828 ‚
1171 786 1287 834 quae
1314 769 1364 816 in
1396 771 1524 834 prio-

107 836 168 882 ris
200 835 353 882 locum
377 833 671 881 succederet:
707 833 783 881 οὐδ’
805 833 891 881 ἄλλ’
920 835 988 897 ἔχε
1013 837 1168 896 μείλινον
1185 840 1293 898 ἔγχος
1316 834 1352 880 5.
1419 834 1524 882 Ple-

106 916 303 966 rumque
348 901 475 946 enim
506 898 682 965 duplici
710 900 838 946 hasta
875 901 1038 948 herose
1075 909 1209 948 erant
1238 900 1433 960 armati,
1470 909 1522 949 ut

104 965 164 1025 de
190 968 330 1033 Ajace
357 982 500 1030 supra
528 965 746 1013 vidimus.
814 966 945 1012 Paris

241 1066 502 1079 ......
535 1033 637 1094 δοῦρε
666 1035 741 1080 δύω
769 1037 1016 1093 κεκορυθμένα
1043 1033 1179 1093 χαλκῷ

237 1099 400 1142 Παλλων
418 1133 430 1154 ,
468 1094 653 1160 Ἀργείων
680 1100 919 1160 προκαλίζετο
940 1107 1082 1151 πάντας
1113 1106 1284 1161 ἀρίστους
1306 1097 1345 1146 4.

105 1159 347 1225 Sarpedon
373 1165 518 1209 ἀσπίδα

235 1260 247 1271 .
280 1259 296 1275 .
383 1262 396 1274 .
430 1231 567 1290 πρόσθε
591 1232 795 1288 σχόμενος,
831 1226 892 1273 δύο
915 1229 1019 1290 δοῦρε
1047 1230 1262 1292 τινάσσων,

236 1297 294 1346 Βῆ
313 1292 357 1356 ῥ’
384 1297 468 1355 ἰ’μεν
493 1314 531 1341 κ.
558 1312 597 1340 τ.
626 1295 664 1339 λ.
690 1291 728 1337 5.

106 1355 296 1422 Ulysses

232 1427 369 1470 Εἵλετο
396 1457 409 1471 .
447 1459 461 1472 .
492 1421 640 1483 ἄλκιμα
668 1424 770 1488 δοῦρε
796 1427 868 1472 δύο)
893 1429 1142 1488 κεκορυθμένα
1173 1431 1308 1491 χαλκῷ
1328 1427 1364 1474 5.

103 1487 281 1535 Earum
327 1487 520 1534 alteram
566 1487 719 1547 laeva,
768 1490 959 1537 alteram
1002 1489 1164 1539 dextra
1207 1512 1346 1541 manu
1390 1504 1522 1543 tene-

100 1552 219 1600 bant
243 1563 292 1612 7,
339 1561 390 1598 ut
431 1553 469 1600 si
504 1551 667 1599 dextra
714 1553 829 1615 (hac
862 1557 986 1603 enim
1029 1555 1184 1606 hastas
1217 1559 1522 1609 emittebant:

99 1617 269 1682 quibus
290 1617 482 1665 demum
510 1619 717 1678 emissis,
752 1622 943 1668 ensibus
978 1624 1353 1690 contendebant)
1391 1630 1518 1693 prior

94 1684 264 1732 frustra
286 1692 407 1731 esset
438 1683 630 1743 emissa,
667 1684 829 1733 eadem
859 1705 1002 1733 manu
1034 1686 1226 1737 alteram
1258 1692 1518 1755 jacularen-

97 1757 189 1795 tur.
256 1749 295 1795 F
299 1758 465 1795 uerunt
505 1757 692 1806 tamen,
738 1753 908 1818 quibus
947 1761 1138 1817 utraque
1179 1774 1346 1804 munus
1387 1758 1517 1805 idem

98 1814 148 1860 in
184 1813 316 1861 hasta
348 1814 575 1861 mittenda
613 1815 817 1863 officium
858 1818 1136 1883 praestabat.
1207 1823 1310 1880 Qua
1350 1825 1516 1888 peritia

99 1879 296 1943 insignis
334 1883 531 1942 ’περιδέξιος
576 1880 861 1938 vocabatur,
906 1884 956 1930 id
997 1893 1067 1930 est
1096 1923 1106 1942 ,
1161 1895 1386 1953 ἀμφοτέραις
1433 1903 1515 1943 ταῖς

96 1954 235 2007 χερσὶ,
267 1953 314 1998 ὡς
349 1949 396 2007 τῇ
427 1947 561 2004 δεξιᾷ,
598 1949 751 2004 βάλλων
773 1950 811 1997 8.
878 1951 1028 2009 Quam
1060 1953 1238 1999 Paridis
1268 1954 1516 2002 dexterita-

94 2018 191 2056 tem
221 2009 435 2058 nonnulli
459 2030 480 2055 ει
511 2012 656 2058 Poeta
684 2014 822 2061 tacite
850 2015 1103 2063 indicatam
1134 2036 1231 2065 esse
1256 2023 1515 2086 opinantur

92 2074 261 2122 Iliados
300 2074 418 2122 libro
455 2078 588 2124 tertio
611 2087 657 2123 9:
705 2080 887 2128 disertis
922 2098 1031 2130 vero
1058 2084 1212 2132 verbis
1247 2087 1298 2133 in
1325 2089 1516 2134 Astero-

1401 2169 1520 2218 paeo

141 2267 179 2313 1)
203 2269 245 2308 Il.
271 2271 388 2317 XXII,
412 2273 479 2319 289
504 2285 597 2318 seqq.
700 2274 739 2319 2)
766 2275 847 2311 vid.
870 2277 915 2311 11.
939 2280 963 2316 l,
985 2280 1010 2314 l.
1059 2281 1114 2318 Cf.
1139 2280 1193 2326 V,
1218 2283 1304 2326 280,
1328 2283 1394 2316 656
1419 2293 1514 2326 seqq.

94 2322 185 2368 VII,
208 2327 295 2371 244,
318 2329 396 2372 249.
419 2327 466 2364 al.
559 2328 598 2372 5)
625 2327 705 2365 Vid.
734 2329 779 2366 Il.
805 2332 921 2377 XXII,
945 2336 1024 2380 293.
1114 2336 1154 2380 4)
1181 2337 1224 2374 11.
1249 2337 1324 2377 ΙΙΙ,
1350 2338 1392 2371 15
1418 2348 1515 2380 seqq·

93 2376 148 2414 Cf.
175 2378 226 2424 V,
249 2382 326 2426 495.
353 2382 442 2428 XII,
466 2384 545 2420 241.
640 2383 680 2427 5)
705 2384 749 2421 ΙΙ.
774 2386 857 2430 XII,
883 2392 960 2434 298.
998 2390 1055 2427 Cf.
1077 2390 1175 2436 XXI,
1201 2394 1278 2427 145.
1381 2390 1419 2433 6)
1446 2390 1511 2426 Od-

91 2431 212 2495 XXII?
238 2438 314 2470 125.
339 2436 396 2474 cll,
420 2450 469 2474 vs.
491 2451 555 2483 109
571 2450 642 2484 seq.
667 2446 703 2472 et
736 2439 754 2473 I
772 2469 781 2484 ,
805 2443 886 2486 257.
1017 2444 1054 2492 7)
1080 2445 1202 2489 Quod,
1237 2446 1344 2479 Poeta
1372 2444 1514 2478 silentio

92 2495 225 2531 coacu,
250 2490 442 2534 conjectura
463 2494 610 2526 assecuti
627 2506 744 2528 sumus
775 2508 815 2528 ex
853 2497 917 2533 od.
942 2498 1027 2545 XII,
1052 2513 1136 2545 229,
1160 2513 1226 2545 quo
1259 2500 1333 2533 loeo
1360 2499 1513 2533 Achilles

95 2541 179 2576 duas
210 2541 325 2579 hastas
356 2547 394 2579 ἐν
427 2548 556 2592 χερσὶν
594 2550 743 2582 tenuisse
783 2559 960 2590 narratur.
1077 2556 1117 2601 8)
1145 2554 1232 2591 Vid.
1256 2553 1407 2598 Hesych.
1427 2553 1512 2589 inv.

87 2603 127 2634 tt
149 2595 265 2635 Schol.
288 2597 332 2633 ad
353 2598 399 2639 11.
421 2600 448 2640 l.
471 2613 546 2636 mox
571 2600 597 2639 1.
715 2603 752 2648 9)
781 2604 838 2641 Vs.
863 2610 906 2640 ιδ
929 2618 1026 2654 seqq-
