1780 3120
532 137 1110 188 HOMERICA.
1443 142 1545 199 279·

259 271 351 320 Οἶδ’
370 274 430 318 ἐπὶ
449 272 578 328 δεξιοὶ,
610 267 678 317 οἶδ’
703 268 761 317 ἐπ’
788 274 970 332 ἀριστερὰ
997 279 1169 327 νωμῆσαι
1196 272 1277 326 βῶν

250 339 456 395 Ἀζαὶέὴν,
490 343 530 383 τό
557 357 616 396 μοι
649 341 729 382 ἐστι’
757 339 972 399 ταλαύρινον
1001 338 1208 395 πολεμίζειν
1232 344 1250 367 ²

119 402 406 453 Nobilissimi
433 400 630 450 Achillis
659 401 812 467 clypei
846 411 953 447 πέντε
983 399 1075 447 ἔσαν
1107 404 1246 460 πτύχες
1268 407 1290 431 2
1307 408 1320 423 ‘

246 473 328 524 Τὰς
359 471 420 517 δύο
453 471 632 532 χαλκείας
649 505 660 525 ,
694 472 755 514 δύο
787 468 822 512 δ’
841 467 956 515 ἔνδοθι
985 473 1240 529 κασσιτέροιο,

245 538 327 588 Τὴν
357 536 397 581 δὲ
429 541 520 594 μίαν
553 540 715 596 χρυσέην
738 530 775 578 5.

113 599 250 662 Αὐτὰρ
279 604 318 646 ἐν
344 604 448 661 αὐτῷ
487 601 647 647 δαίδαλα
688 603 832 656 munt,
873 596 1086 644 omnium
1138 610 1218 640 ore
1267 587 1498 639 celebrata
1517 627 1530 647 ‚

112 669 248 728 ἰδυίῃσι
282 670 530 730 πραπίδεσσιν
557 664 796 711 effinxerat
833 672 929 709 arte
965 679 1044 707 sna
1077 658 1407 706 celeberrimus
1439 655 1538 700 He-

117 731 338 797 phaestus
371 731 408 778 4.
486 731 693 778 Nestoris
746 732 889 777 άσπιδα
946 725 1094 773 solido
1152 742 1263 771 auro
1316 720 1534 769 eximium

113 794 352 863 praedicat
377 797 523 843 Poeta
540 833 552 853 ,

247 896 457 910 .....
492 873 557 915 τῆς
591 870 651 908 νῦν
683 865 783 916 κλέος
818 861 966 924 οὖρανόν
993 863 1094 918 ἵκει,

243 929 385 974 Han-av
416 934 595 990 χρυσείην
624 927 778 988 ἔμεναι,
814 934 965 979 κανόνας
998 945 1039 972 τε
1071 929 1134 970 καί
1165 926 1281 975 αὐτήν
1303 921 1340 970 5.

111 992 501 1055 Agamemnonis,
556 1001 608 1038 ut
641 992 783 1039 verbo
828 991 1165 1048 indicavimus,
1201 997 1385 1035 scutum
1421 994 1534 1038 πολυ-

113 1061 285 1107 δαίδαλον
315 1059 526 1105 omnium
561 1058 649 1103 fuit
683 1058 936 1103 maximum
955 1090 972 1113 ‚

246 1156 506 1171 ......
541 1126 562 1170 ὃ
593 1132 675 1186 πέρι
709 1128 775 1184 μὲν
809 1126 931 1168 κύκλοι
965 1124 1057 1169 δέκα
1086 1126 1238 1187 χάλκεοι
1272 1117 1369 1175 ἦσαν
1388 1159 1400 1179 ,

243 1186 314 1234 Ἐν
345 1190 387 1236 δέ
417 1197 449 1235 οἱ
480 1193 635 1253 ὀμφαλοὶ
667 1187 765 1242 ἦσαν
795 1194 926 1234 ἐείκοσι
959 1200 1191 1251 κασσιτέροιο

240 1254 382 1300 Λευκοί
398 1292 410 1311 ,
436 1261 474 1301 ἐν
506 1255 545 1302 δὲ
577 1263 742 1315 μέσοισιν
770 1252 837 1308 ἔην
871 1257 1024 1314 μέλανος
1059 1257 1211 1303 κυοῖνοιο.

240 1320 305 1381 Τῇ
331 1321 368 1365 δ’
387 1325 446 1368 ε’πί
471 1325 539 1382 μὲν
571 1324 703 1384 Γοργὼ
737 1323 972 1384 βλοσυρῶπις
1003 1323 1230 1386 ἐστεφάνωτο

245 1387 373 1431 Δεινον
404 1387 604 1449 δερκομένη
621 1422 634 1444 ‚
671 1391 755 1447 περὶ
786 1386 825 1431 δὲ
859 1390 994 1446 Δεῖμός
1027 1407 1091 1445 τε,
1129 1390 1249 1441 Φόβος
1281 1402 1319 1431 τε
1342 1382 1381 1429 6.

113 1450 273 1515 Clypei
303 1466 386 1497 ora
407 1455 606 1498 Homero
636 1460 706 1498 est
727 1451 857 1504 ἄντυξ.
900 1451 970 1496 De
1001 1451 1296 1518 Hephaesto‚
1333 1466 1404 1496 ex.
1430 1467 1527 1515 gin,

111 1515 304 1565 Achillis
338 1524 521 1563 scutum
553 1515 819 1563 elaborante
854 1514 1074 1578 legimus:

245 1613 461 1631 .....
494 1589 580 1644 περὶ
612 1581 651 1630 δ’
680 1581 825 1645 ἄντυγα
857 1584 979 1640 βάλλε
1013 1590 1160 1644 φαεινήν
1182 1588 1222 1629 7.

107 1648 165 1695 In
198 1665 289 1713 qua
323 1646 516 1713 quidem
551 1665 629 1694 ora
663 1647 860 1693 laminae
885 1665 923 1695 s.
958 1646 1107 1712 plicae
1138 1661 1322 1704 aereae,
1357 1645 1527 1704 coriis,

108 1713 277 1780 quibus
292 1723 418 1763 scuta
429 1713 637 1760 obducta
654 1714 854 1760 diximus
869 1750 880 1771 ‚
903 1713 1255 1779 copulabantur,
1281 1713 1343 1758 ita
1355 1720 1531 1772 tamen,

108 1788 165 1826 ut
195 1783 377 1829 corium
410 1780 581 1826 extima
623 1780 694 1825 sui
736 1787 868 1843 parte
903 1796 960 1824 ex
1002 1779 1154 1844 clypei
1187 1795 1264 1824 ora
1294 1777 1532 1841 promine-

111 1853 206 1903 ret,
241 1855 288 1893 et
329 1845 458 1908 ἄντυγι
501 1843 761 1911 subjectum
808 1844 1078 1907 prohiberet
1107 1861 1169 1890 ne
1214 1842 1428 1907 clypeus,
1474 1858 1532 1890 ex

111 1910 319 1959 humeris
354 1911 405 1956 in
441 1918 596 1973 tergo,
637 1919 689 1956 ut
726 1908 865 1956 fiebat
895 1908 1142 1974 aliquando
1165 1909 1212 1967 8,
1259 1906 1535 1972 dependens

112 1983 244 2022 motu
282 1992 365 2024 suo
396 1991 564 2040 corpus
594 1975 787 2022 terendo
811 1975 1030 2023 laederet.
1097 1977 1214 2023 Eam
1249 1973 1401 2040 clypei
1432 1990 1536 2039 par-

110 2051 208 2090 tem
240 2041 500 2108 significare
530 2040 717 2090 videtur
750 2041 896 2089 Poeta
922 2041 970 2089 in
1000 2040 1094 2088 his:

163 2281 200 2324 ι)
224 2280 268 2316 11.
293 2280 386 2326 VII,
411 2281 476 2316 238
496 2291 568 2326 seq.
598 2279 639 2314 ad
664 2292 698 2324 q.
721 2280 746 2316 l.
779 2279 817 2313 cf
853 2278 965 2324 Heyn.
994 2285 1030 2312 et
1061 2278 1215 2325 Kb'ppen.
1317 2277 1356 2321 2)
1381 2276 1463 2313 Vid.
1489 2276 1532 2314 ΙΙ.

115 2335 249 2380 XVIII,
273 2337 336 2372 481
349 2347 422 2382 seq.
526 2335 563 2378 3)
588 2334 630 2371 11.
656 2334 732 2379 XX,
756 2346 818 2379 27²
836 2346 908 2378 seq.
954 2332 1005 2367 Ex
1026 2334 1141 2368 aeneis
1164 2341 1297 2368 tantum
1317 2331 1440 2377 plicis,
1465 2343 1535 2367 non

115 2404 195 2426 vero
219 2403 238 2425 e
253 2391 374 2431 corio,
397 2389 590 2425 consectum
614 2389 718 2424 fuisse
738 2388 861 2423 statuit
882 2387 1001 2433 Kupke
1026 2400 1059 2434 p.
1082 2400 1169 2434 109,
1192 2399 1294 2434 quem
1327 2386 1368 2420 de
1392 2397 1534 2423 κασσιτ.

115 2446 218 2480 adeas
241 2457 276 2490 p·
297 2455 340 2492 79
362 2457 457 2491 seqq.
471 2473 481 2489 ‚
504 2445 633 2480 minin,
655 2443 799 2478 Gesner.
825 2442 887 2477 alii
906 2442 931 2480 l.
954 2455 982 2478 s.
1002 2442 1028 2479 l.
1155 2442 1194 2486 4)
1221 2441 1301 2476 vid.
1328 2440 1373 2474 11.
1392 2440 1534 2486 XVIII,

117 2502 324 2547 432-607.
439 2501 480 2544 5)
507 2499 547 2535 11.
578 2498 690 2543 VIII,
717 2511 781 2544 ¹92
801 2509 871 2543 seq.
1000 2497 1039 2541 6)
1064 2497 1108 2533 ΙΙ.
1133 2497 1199 2540 XI,
1225 2498 1269 2532 52
1297 2506 1389 2540 seqq.
1437 2495 1534 2529 Hor-

118 2554 225 2589 tenda
245 2567 396 2602 quaeque
421 2555 457 2589 in
480 2555 597 2600 clypeo
620 2561 718 2588 erant
736 2563 916 2599 expressa,
940 2552 1064 2597 quibus
1088 2551 1244 2587 hostibus
1279 2558 1450 2585 terrorem
1477 2549 1535 2583 in-

114 2617 285 2648 cuzrrent.
383 2609 422 2656 7)
447 2609 490 2647 ΙΙ.
514 2608 655 2655 XVIII,
680 2611 761 2655 479.
809 2606 863 2643 Cf.
888 2605 975 2654 XV,
998 2608 1079 2646 645.
1180 2605 1218 2648 8)
1245 2604 1329 2642 Vid.
1348 2604 1382 2643 h.
1397 2608 1428 2653 §-
1445 2612 1533 2643 extr.
