1780 3120
533 130 1159 189 'HOM'ERICA.
1492 136 1589 204 247

158 288 360 328 suasum.
426 269 491 318 Hi
515 267 640 316 enim

295 374 310 389 .
345 362 360 386 ι
398 372 411 385 .
445 369 459 383 .
495 371 505 382 .
545 371 557 383 .
589 340 805 398 πανημέριοι
835 337 962 396 μολπῇ
984 338 1061 380 θεὸν
1084 339 1298 393 ἱλάσκοντο,

292 404 424 452 Καλὸν
452 404 627 454 ἀείδοντες
657 409 812 453 παιήονα
835 410 871 447 ².

224 470 267 534 ξ.
302 468 347 516 3.
415 468 732 515 Instrumenta
766 464 943 512 musica
967 503 979 525 ,
1025 482 1142 529 quae
1178 481 1235 512 ex
1279 465 1475 514 Homeri
1509 475 1580 515 te·

161 533 382 582 stimonio
416 533 746 589 innotuerunt,
796 533 965 596 partim
996 530 1238 591 inflantur,
1294 539 1346 577 ut
1390 536 1497 587 αὐλὸς
1529 541 1578 580 et

157 603 291 664 σύριγξ
314 611 368 658 2,
420 599 593 664 partim
639 596 825 644 chordis
878 597 1223 656 intenduntur,
1269 605 1323 643 ut
1364 602 1501 660 κιθάρα
1539 617 1580 647 S.

156 672 332 729 κίθαρις,
365 667 526 729 φόρμιγξ
562 672 609 709 et
635 668 757 721 λύρα,
792 678 910 728 quae
954 663 1042 710 tria
1071 680 1220 710 unum
1263 661 1480 729 idemque
1505 665 1580 710 in-

156 738 473 779 strumentum
539 727 784 791 designare
843 727 1042 775 affirmat
1103 727 1276 776 Pollux
1310 727 1348 776 5.
1439 729 1582 789 Quod

153 797 255 860 ipse
298 795 436 842 docet
476 793 726 840 Homerus.
793 793 920 840 Dicit
959 794 1088 841 enim
1131 802 1304 859 φόρμιγγι
1335 799 1500 857 κιθάριζε
1523 797 1579 856 4;

154 860 379 909 Phemius
408 857 584 906 cithara
622 875 648 903 a
685 875 914 925 praecone
950 859 1042 924 ipsi
1077 860 1245 907 tradita
1276 869 1465 924 φορμίζων
1488 868 1580 908 otus-

149 929 312 986 βάλλετο
333 926 383 971 5;
415 925 467 971 in
492 924 664 989 hymno
693 924 899 987 denique
921 924 972 970 in
998 927 1208 972 Hermen
1233 925 1458 989 legimus,
1486 930 1582 990 λύρῃ

152 997 283 1056 ἐρατὸν
313 995 510 1052 κιθαρίζων
533 991 568 1035 6.
636 988 824 1052 Absque
858 990 988 1036 omni
1021 990 1162 1054 igitur
1205 991 1476 1038 discrimine
1503 1009 1581 1040 eas

151 1073 289 1104 voces
326 1056 568 1120 usurpavit
603 1056 777 1101 Poeta:
823 1071 910 1102 nos
942 1054 1105 1102 saltem
1158 1056 1410 1104 discrimen
1448 1056 1580 1107 latet.

149 1121 419 1171 Eustathius
456 1129 585 1166 notat
625 1125 770 1181 χέλυν,
817 1120 966 1184 lyram
990 1158 1002 1179 ,
1049 1131 1265 1170 vocatam
1307 1139 1406 1169 esse
1450 1135 1581 1172 πᾶσαν

149 1192 309 1250 κιθάραν
331 1198 368 1232 7.
435 1186 720 1232 Paucissima
762 1195 897 1245 sunt,
933 1203 1051 1249 quae
1091 1187 1149 1235 de
1177 1188 1380 1235 citharae
1404 1188 1578 1249 forma,

148 1253 361 1318 partibus
396 1267 589 1316 eamque
623 1250 843 1315 pulsandi
876 1253 1051 1298 ratione
1098 1270 1154 1300 ex
1195 1254 1403 1301 Homero
1439 1257 1577 1302 novi-

146 1334 269 1365 mus.
350 1317 586 1363 Citharam
633 1327 793 1363 cantor
831 1335 974 1363 manu
1024 1318 1242 1382 gerebat:
1293 1337 1344 1366 ea
1388 1320 1578 1384 praelu-

146 1382 263 1431 dens
285 1383 308 1417 8
341 1391 548 1429 mentem
573 1382 632 1428 ad
658 1384 1042 1447 compositionem
1068 1384 1321 1432 excitabat:
1358 1401 1408 1431 ea
1427 1384 1575 1434 fluen-

145 1450 209 1495 tia
243 1449 447 1496 carmina
481 1447 767 1493 sustentabat
790 1459 827 1493 9.
894 1448 1110 1496 Citharae
1135 1456 1227 1505 ἐπῆν
1256 1455 1361 1514 ζυγὲυ
1377 1461 1447 1510 ¹⁰,
1482 1470 1575 1518 qua

143 1530 283 1572 voce,
329 1531 385 1561 ex
415 1512 779 1559 Scholiastarum
817 1515 1076 1574 sententia,
1115 1514 1366 1563 denotatur
1395 1524 1413 1562 ὁ
1447 1532 1572 1582 πῆχυς

142 1592 209 1633 τῆς
234 1581 412 1642 κιθάρας,
448 1578 480 1642 ᾧ
504 1581 688 1641 syr-ewra:
712 1587 741 1624 οἱ
768 1582 973 1638 κόλλαβει·
1009 1584 1120 1634 οὕτως
1151 1584 1192 1630 δὲ
1219 1587 1382 1645 λέγονται
1408 1590 1439 1628 οἱ
1466 1588 1574 1632 πάσ-

141 1650 246 1693 cakoz
265 1683 277 1703 ,
299 1645 350 1691 ὦν
374 1646 592 1698 ε’ξσὲπτονται
617 1650 655 1688 αἱ
684 1647 891 1705 χορθκίῑῑ.
941 1649 1061 1708 Ζυγὲν
1081 1647 1220 1711 igitur
1247 1650 1417 1697 dicitur
1445 1658 1574 1697 tran-

144 1710 322 1758 stillum
364 1711 413 1756 in
452 1726 632 1755 summa
670 1710 872 1756 citharae
905 1720 1037 1772 parte
1078 1714 1203 1760 inter
1250 1724 1444 1777 utraque
1471 1718 1571 1781 ejus

141 1792 318 1822 cornua
349 1775 560 1822 medium
579 1811 591 1833 ,
626 1775 703 1822 cui
735 1775 952 1822 verticilli
980 1785 1027 1822 et
1052 1779 1169 1827 fides
1197 1779 1331 1829 infixi
1361 1789 1495 1827 erant
1520 1790 1570 1830 et

1483 1847 1576 1903 &td-3

187 1971 225 2015 ι)
250 1968 294 2007 11,
319 1969 362 2010 1,
377 1971 442 2018 472
464 1981 540 2015 seq.
655 1967 694 2012 2)
720 1967 764 2005 11.
789 1969 837 2014 X,
864 1971 917 2007 13.
946 1971 1056 2009 αὐλὸς
1078 1979 1113 2007 et
1134 1973 1258 2020 σύριγξ
1281 1974 1318 2009 in
1340 1977 1463 2011 castris
1476 1978 1573 2012 Tro..·

141 2026 230 2072 janis
263 2025 414 2060 adfuisse
440 2024 608 2069 legimus,
633 2023 676 2057 ad
699 2036 732 2069 q.
755 2023 780 2062 l,
813 2024 928 2062 Schol.
955 2026 1000 2062 V.
1026 2027 1105 2071 οὐχ’
1132 2029 1354 2073 Ἑλληνικὸν
1375 2032 1410 2064 οἱ
1437 2033 1572 2080 αὐλοί),

143 2094 206 2117 nec
228 2081 318 2115 enim
333 2108 342 2125 ‚
366 2079 481 2126 inquit
496 2107 505 2123 ‚
529 2090 549 2112 a
574 2078 687 2124 procis
716 2090 776 2113 nec
799 2080 835 2113 in
855 2080 1062 2116 Hermiones
1083 2089 1118 2116 et
1140 2083 1328 2129 Penelopes
1346 2086 1476 2131 nuptiis
1500 2087 1567 2122 ad-

138 2131 245 2171 hibiti
268 2135 444 2172 dicuntur.
492 2132 558 2169 Sed
582 2133 618 2166 in
641 2133 789 2168 Achillis
821 2143 936 2170 tamen
962 2136 1081 2184 clypeo
1118 2137 1154 2171 in
1180 2139 1381 2184 nuptiarum
1404 2141 1565 2176 celebra-

139 2193 234 2227 tione
252 2196 488 2224 memorantur
518 2188 628 2221 αὐλοὶ
651 2187 697 2224 11.
717 2188 857 2235 XVIII,
881 2192 960 2236 495.
985 2199 1020 2226 et
1036 2190 1121 2227 laeti
1145 2192 1238 2228 inter
1265 2206 1382 2238 greges
1411 2204 1566 2240 pastores

142 2242 312 2280 canebant
335 2243 556 2290 τερπόμενοι
576 2243 714 2288 σι’·ριγξο
737 2242 780 2277 Π-
802 2245 843 2281 L.
871 2244 896 2279 l.
917 2258 966 2282 vs.
993 2247 1073 2283 526.
1209 2248 1256 2293 5)
1282 2250 1360 2286 Lib.
1381 2250 1444 2283 IV.
1480 2264 1509 2287 c,
1532 2264 1566 2297 9,

143 2312 178 2346 p.
198 2302 265 2347 579
299 2312 395 2346 seqq.
522 2297 562 2342 4)
589 2298 669 2335 vid.
706 2298 750 2336 Il.
771 2300 913 2345 XVIII,
947 2303 1014 2347 569
1045 2314 1118 2348 seq.
1246 2303 1286 2347 5)
1312 2303 1393 2340 vid.
1432 2305 1494 2340 Od.
1525 2306 1568 2351 1,

143 2356 209 2389 153
232 2367 327 2400 seqq.
356 2353 466 2397 VIII,
491 2355 570 2389 266.
595 2354 641 2390 al.
764 2355 803 2400 6)
831 2355 889 2392 Vs.
914 2357 994 2390 422.
1122 2356 1159 2404 7)
1187 2357 1299 2399 Quem
1330 2358 1397 2394 vid.
1431 2359 1474 2393 ad
1502 2361 1567 2398 od.

138 2409 240 2454 XXI,
263 2412 343 2454 591.
434 2408 473 2453 8)
500 2407 601 2450 Quod
618 2407 795 2443 dicebatur
819 2410 1105 2450 ἀναβάλλεσθαι,
1139 2413 1251 2445 καλὸν
1276 2413 1418 2446 ἀείδειν
1439 2414 1506 2452 Od.
1521 2416 1563 2462 I,

140 2465 218 2500 155.
245 2463 356 2509 VIII,
380 2465 447 2499 265
470 2471 505 2498 et
530 2464 673 2509 passim.
807 2463 845 2509 9)
871 2464 924 2500 Ita
946 2465 980 2502 J.
1008 2466 1066 2500 Fr.
1095 2467 1137 2504 X.
1160 2467 1320 2508 VVurth,
1346 2468 1406 2513 Op.
1429 2468 1455 2506 l.
1487 2483 1564 2516 pag.

138 2519 193 2555 15.
313 2518 371 2561 10)
397 2518 480 2552 Vid.
514 2518 557 2554 11.
578 2518 645 2563 IX,
672 2521 746 2565 187.
774 2526 808 2553 et
832 2519 875 2553 ad
910 2533 1009 2566 quem
1034 2521 1058 2557 l.
1080 2522 1183 2557 adeas
1208 2521 1322 2558 Schol.
1346 2531 1381 2557 et
1408 2524 1560 2572 Interpr.

140 2574 201 2617 ιι)
227 2573 512 2611 Seh01„A;B.D.
538 2574 579 2608 ad
607 2573 646 2609 ll.
666 2575 706 2610 L.
725 2574 750 2610 l.
775 2574 938 2620 Superior
962 2576 1117 2611 citharae
1132 2589 1233 2622 pars,
1255 2578 1369 2622 inquit
1387 2578 1499 2625 Heyn.
1516 2581 1561 2616 ad

140 2627 186 2663 11.
209 2626 236 2662 l.
257 2627 305 2674 1.,
330 2633 469 2675 πῆχυς;
495 2641 562 2666 non
583 2636 698 2665 autem
719 2629 914 2676 ponticulus
937 2638 1149 2668 transversus
1177 2633 1214 2666 in
1239 2632 1405 2668 inferiore
1427 2642 1539 2680 parte.

1192 2697 1270 2740 Q4
