1780 3120
508 141 1139 196 -HOMERICA
1450 145 1550 195 265

140 276 329 328 &issime
367 291 420 323 se·
455 273 659 323 invicem
685 282 1113 341 ·percuterent,·ut
1148 272 1209 322 de
1250 273 1452 341 Euryalo
1500 285 1550 325 et

144 346 276 411 Epeo
297 339 440 389 tradit
463 341 633 397 Poeta,
668 343 750 406 qui
1237 401 1248 422 '
1275 405 1292 418 „

267 406 390 465 ’ᾊντα
426 441 438 453 .
474 440 487 453 .
522 415 764 469 ἀνασχομένω
786 410 897 470 χερσῖ
922 407 1148 469 στιβαρῇσιν
1177 406 1234 467 ἅμ
1266 427 1409 471 αμφω,

284 478 360 520 Σὺν
384 469 427 534 ῥ’
446 470 606 530 ἔπεσον,
642 478 709 519 σὺν
733 475 773 519 δέ
800 494 864 537 σφι
893 475 1044 534 βαρεῖαι
1073 485 1193 533 χεῖρες
1220 472 1388 532 ἔμιχθεν.

290 542 416 590 Δεινός
445 539 494 584 δὲ·
516 542 701 601 χρόμαδος
732 544 866 601 γενύων
894 534 1037 601 γένετ’,
1068 540 1173 601 ἔρῤεε
1198 536 1236 585 δ’
1263 540 1370 600 ἱδρὼς

286 605 477 650 Παντοθεν
501 609 543 648 έν.
570 608 733 664 μελέων·
760 613 795 650 ².

151 669 254 717 Nec
283 686 308 714 a
333 668 583 714 certamine
620 670 748 733 prius
783 667 1034 723 desistunt,
1070 684 1209 732 quam
1248 667 1467 719 alteruter
1499 672 1567 720 vi-

151 735 284 782 ribus
315 732 524 779 desertus
557 750 721 780 manus
754 734 898 780 victas
935 731 1129 779 dederit.
1197 734 1300 791 Quo
1341 736 1483 795 facto,
1520 739 1569 785 in

149 798 281 846 lucta
306 797 364 844 ab
389 798 555 844 Achilli
578 797 703 844 edita
719 835 731 854 ,
762 807 904 859 ἡμιένεν
927 802 1127 861 zulasse-siv
1148 811 1172 833 2
1197 800 1346 846 victor
1381 804 1568 867 Epeus,

150 867 268 918 ,δέπας
311 867 583 926 ἀμφικύπεὶλεν
604 863 628 897 5
654 863 913 928 praemium
953 863 1186 910 auferebat
1215 866 1365 913 victus
1393 870 1574 933 Eurya-

151 928 230 978 lus
252 929 303 986 4,
341 931 473 991 cujus
511 937 642 993 pater
682 929 926 975 Mecisteus
960 945 1016 974 ex
1063 928 1186 976 ludis
1220 931 1492 982 funebribus
1520 937 1572 983 in

159 993 333 1058 Oedipi
364 992 588 1040 honorem
613 993 851 1041 celebratis
889 994 1069 1041 cunctis
1117 994 1332 1045 Cadmeis
1365 999 1572 1065 palmam

157 1059 269 1107 olim
301 1059 646 1124 praeripuerat:

154 1119 159 1122 i
274 1127 357 1178 ’Ός
385 1143 470 1171 ποτε
494 1122 672 1183 Θήβαςδ’
692 1123 782 1178 ἦλθε
814 1125 1018 1178 δεδενπότος
1043 1126 1246 1176 Οἰδιπόδαο

292 1186 362 1247 Ἐς
386 1191 528 1252 τάφον,
559 1191 649 1236 ἔνθα
678 1192 717 1237 δὲ
744 1192 884 1244 πάντας
913 1195 1016 1236 ἐνίκα
1047 1194 1290 1252 Καῆαεὶωνας
1312 1195 1353 1243 5.

225 1255 267 1318 §.
300 1254 350 1301 8.
419 1254 477 1300 In
501 1252 624 1308 ludis
642 1292 655 1313 ,
690 1273 806 1320 quos
836 1273 862 1301 a
892 1255 1081 1302 Graecis
1113 1257 1161 1302 in
1186 1259 1386 1310 Patrocli
1414 1262 1578 1313 funere

160 1319 414 1368 celebratos
442 1319 668 1379 diximus,
703 1321 868 1386 quinto
895 1319 998 1367 loco
1032 1335 1304 1373 recensetur
1328 1339 1542 1391 μονομαχία
1559 1368 1574 1391 ,

163 1386 211 1432 in
235 1403 375 1450 quam
400 1387 562 1432 armati
588 1386 823 1451 prodeunt
852 1388 968 1451 Ajax
1001 1395 1047 1432 et
1078 1387 1329 1446 Diomedes
1351 1393 1397 1453 6,
1431 1412 1545 1462 quos
1563 1434 1580 1467 1

160 1468 274 1500 num
305 1450 584 1516 aliquamdiu
612 1451 978 1512 contenderant,

294 1549 554 1566 ......
588 1521 720 1564 Αἴαντι
742 1519 1033 1580 περιδδείσαντες
1060 1517 1212 1580 ’Λχαιεῖ

156 1625 163 1629 .
292 1586 559 1643 Παυσαμένους
587 1587 784 1629 ἐκέλευσαν
815 1587 945 1629 ἀέθλια
975 1583 1023 1631 ἶσ’
1044 1589 1237 1634 ἀνελέσθαι
1262 1600 1302 1638 7.

156 1648 377 1700 Praemia
408 1656 564 1693 autem
597 1647 828 1707 Achilles,
880 1657 934 1696 ut
968 1649 1115 1714 ipsius
1158 1654 1310 1703 verbis
1352 1666 1543 1707 utamur
1565 1696 1580 1721 ,

158 1713 334 1775 ,victori
353 1722 571 1778 posuerat

298 1810 905 1829 .............
939 1782 1124 1845 ‹poicyotusv
1153 1791 1380 1850 ἀργυρόηλον

296 1842 452 1900 Καλὰ),
491 1848 692 1906 Θρηΐκιον,
727 1852 767 1893 τὸ
797 1851 865 1907 μὲν
886 1845 1151 1909 ’Adra-corrozan
1170 1857 1343 1916 ἀπηύρων
1366 1854 1403 1900 8.

171 1916 219 1954 et
250 1908 459 1972 utrisque
489 1909 772 1958 certantibus
806 1911 1054 1958 dividenda
1092 1927 1378 1965 concesserat
1415 1921 1582 1988 Sarpe-

171 1973 309 2022 donis
349 1990 508 2033 arma,
553 1974 644 2040 ipsi
689 1976 928 2041 quondam
974 1995 1000 2025 a
1039 1979 1255 2029 Patroclo
1300 1983 1505 2034 detracta
1528 2000 1583 2036 9:

1466 2059 1586 2120 quae

215 2194 254 2239 ι)
279 2194 322 2231 11.
345 2194 486 2242 XXIII,
506 2199 571 2233 686
586 2209 680 2245 seqq.
798 2199 837 2242 α)
862 2198 916 2236 Cf.
942 2199 975 2237 h.
994 2202 1034 2238 L.
1058 2214 1088 2237 c·
1113 2216 1144 2239 1.
1169 2205 1200 2250 §.
1218 2204 1251 2238 3.
1275 2205 1367 2244 med.
1469 2207 1509 2253 5)
1534 2209 1590 2244 De

170 2261 240 2294 quo
263 2249 335 2286 vid.
357 2250 397 2287 L.
421 2250 488 2288 111.
514 2264 543 2289 c.
561 2265 595 2288 2·
620 2256 653 2299 ᾗ.
669 2253 704 2290 5.
807 2253 847 2297 4)
872 2254 953 2292 Vid.
978 2255 1021 2292 Il.
1046 2258 1086 2293 L.
1103 2257 1127 2295 l.
1151 2271 1198 2295 νε.
1213 2261 1279 2294 655
1300 2273 1394 2307 seqq.
1496 2263 1590 2307 5)11.

174 2304 216 2339 L.
234 2302 259 2340 l.
283 2316 334 2339 vs.
353 2307 418 2350 679
438 2318 511 2351 seq,
630 2307 668 2351 6)
694 2306 775 2344 Vid.
799 2306 843 2343 ΙΙ.
868 2309 906 2344 L.
927 2309 951 2343 l.
975 2322 1023 2346 vs,
1050 2313 1114 2357 798
1132 2325 1224 2359 seqq.
1244 2322 1281 2351 et
1302 2316 1364 2350 811
1387 2328 1479 2363 seqq.
1525 2318 1591 2354 Est

176 2365 289 2391 autem
310 2366 399 2393 totus
420 2359 514 2394 loeus
535 2361 613 2395 inde
633 2373 652 2395 a
677 2373 724 2397 vs.
747 2374 808 2407 797
835 2376 940 2410 usque
970 2365 1012 2398 ad
1036 2368 1101 2402 825
1133 2369 1377 2414 interpretibus
1404 2371 1439 2403 in
1468 2372 1590 2415 primis

177 2413 425 2448 recentioribus
442 2423 636 2460 suspectus,
662 2416 703 2449 de
732 2418 826 2461 cujus
853 2419 1009 2463 partibus
1032 2422 1235 2467 quibusdam
1270 2423 1387 2457 eodem
1412 2425 1511 2459 modo
1536 2426 1591 2462 la-

176 2463 302 2499 borant
329 2468 552 2512 antiquiores.
599 2471 651 2504 De
686 2483 804 2505 eorum
842 2474 1035 2510 rationibus
1069 2476 1124 2511 hic
1153 2477 1274 2521 agendi
1306 2477 1399 2512 locus
1426 2491 1492 2513 non
1514 2489 1590 2528 est,

178 2530 265 2564 quo,
290 2521 410 2556 critica
425 2524 575 2569 omissa,
600 2538 684 2569 quae
710 2525 852 2561 Homeri
878 2530 1016 2564 nomine
1043 2529 1224 2578 seruntur,
1256 2533 1293 2566 in
1312 2546 1409 2567 usum
1437 2542 1594 2571 nostrum

177 2572 392 2613 adhibemus.
449 2577 538 2612 Vide
572 2579 619 2612 sis
655 2580 769 2617 schol.
807 2589 843 2616 et
875 2582 1022 2630 Interpr.
1057 2585 1100 2620 ad
1136 2586 1163 2622 l.
1195 2586 1222 2624 l.
1365 2588 1402 2634 7)
1428 2588 1472 2627 Il.
1504 2590 1579 2627 L.l

175 2637 224 2661 vs.
249 2629 314 2662 822
336 2640 406 2675 seq.
534 2633 572 2679 8)
599 2633 639 2671 11.
674 2633 714 2672 L.
745 2634 768 2672 l.
808 2646 856 2674 vs.
882 2639 948 2685 807
979 2651 1052 2686 seq.
1203 2641 1241 2687 9)
1267 2641 1309 2680 Il.
1334 2642 1376 2682 L.
1394 2642 1421 2681 l.
1447 2656 1492 2682 vs.
1514 2624 1595 2694 809:

176 2679 232 2717 cll.
259 2693 323 2729 799
340 2696 412 2731 seq.

1127 2749 1202 2791 85
