1780 3120
579 133 1155 192 HOMERICAJ
1516 135 1583 185 35

296 281 454 342 Αὐτὰρ,
487 280 565 323 ἐπεὶ
588 278 698 322 κατὰ
709 275 800 337 μῆρ’
821 278 913 327 ἐκάη
939 277 1005 319 καὶ
1026 274 1231 334 σπλάγχνα
1255 277 1420 318 πάσαντο
1434 309 1447 331 ,

291 346 507 392 Μίστυλλόν
537 342 566 389 τ’
592 341 670 403 ἄρα
695 340 816 387 τᾶλλα
830 375 842 396 ,
873 342 937 385 καὶ
957 338 1050 402 ἀμφ’
1068 340 1248 397 ὀβελοῖσιν
1267 334 1450 399 ἐ’πειραν,

280 410 489 463 ’Ώπτησοίν
507 428 546 455 τε
580 407 853 470 περιφραδέως,
887 408 1064 468 ἐρύσαντό
1098 423 1138 450 τε
1162 410 1301 449 πάντα.

288 477 423 538 Αὐτὰρ
447 478 522 520 ἐπεὶ
547 478 737 520 παύσαντο
757 478 861 518 πόνου
877 507 889 527 ,
923 474 1110 516 τετύκοντό
1141 489 1181 516 τε
1206 469 1316 514 δαῖτα
1334 503 1347 525 ,

293 542 487 596 Δαινυντ’,
525 542 605 586 οὐδέ
635 559 669 584 τι
689 542 799 599 θυμὸς
830 540 967 584 ἐδεύετο
992 537 1112 589 δαιτὸς
1144 539 1260 588 ἐΐσης.

225 606 398 654 Iisdem
429 604 593 651 ritibus
627 604 802 651 factum
834 601 925 649 Od.
957 600 1087 650 Libr.
1118 600 1229 647 XIV
1256 609 1306 656 1,
1334 596 1424 644 nisi
1459 596 1584 662 quod

163 672 231 720 ibi
255 679 305 718 εἰν
327 677 496 725 ἐλεοῖσιν,
528 671 555 716 i.
578 687 616 715 e.
633 708 646 727 ‚
679 676 877 733 τραπέζαις
903 680 1133 730 μαγειρικαῖς
1155 677 1192 724 2,
1225 681 1320 710 una
1349 671 1584 728 ponantur

162 747 314 803 partes
359 746 562 794 assatae,
593 753 704 799 quas
738 733 955 797 singulari
992 734 1085 780 ritu
1125 732 1174 777 in
1214 739 1389 795 septem
1410 729 1584 793 portio-

159 821 243 850 nes
281 802 488 866 disponit
519 799 762 858 subulcus,
798 816 994 868 quarum
1032 815 1173 844 unam
1212 796 1443 860 Nymphis
1472 794 1585 841 offe-

156 878 256 926 rat,
305 869 508 914 Hermae
559 865 745 912 alteram
767 903 778 922 ,
828 864 1025 930 reliquas
1071 863 1260 926 singulis
1305 859 1582 909 distribuat:

155 934 282 982 Deos
315 934 441 979 enim
476 933 527 978 in
571 932 803 980 sacrificiis
841 931 935 977 suis
981 931 1307 984 conviviorum
1333 927 1586 992 participes

156 998 431 1047 credebant.
502 998 639 1057 Quod
671 997 832 1044 multis
864 996 976 1043 locis
1011 1004 1230 1042 testatum
1262 994 1370 1039 fecit
1413 993 1587 1040 Home-

154 1082 263 1124 rus,
298 1074 351 1111 ut
383 1082 490 1112 cum
520 1066 638 1110 Zeus
657 1101 668 1121 ,
703 1063 867 1110 ceteris
897 1063 1001 1109 Diis
1033 1062 1186 1125 ipsum
1228 1057 1585 1117 comitantibus,

154 1130 212 1177 ad
244 1129 528 1194 Aethiopum
573 1129 794 1176 sacrificia
831 1129 1126 1175 convivatum
1158 1124 1322 1175 abiisse
1350 1124 1523 1170 dicitur
1544 1123 1583 1171 5.

152 1197 280 1255 Quin
312 1198 449 1242 etiam
471 1198 665 1242 numina
687 1233 698 1252 ,
732 1211 848 1259 quae
881 1195 931 1240 in
965 1194 1103 1240 sacris
1134 1209 1231 1239 non
1254 1191 1584 1252 cogitaverant,

153 1261 290 1307 irasci
332 1260 421 1307 sibi
460 1261 786 1307 existimabant
825 1259 1070 1317 mortales,
1114 1258 1195 1320 qui
1232 1255 1293 1302 ob
1324 1253 1586 1317 neglectam

151 1326 421 1389 religionem
474 1343 499 1370 a
537 1327 743 1371 Deorum
788 1326 854 1370 ira
887 1323 976 1370 sibi
1016 1324 1261 1369 timebant.
1339 1320 1484 1379 Belli,
1533 1327 1586 1366 ut

154 1391 242 1438 hoc
284 1400 418 1448 utar,
465 1391 585 1436 inter
623 1392 816 1436 Curetes
851 1398 897 1435 et
944 1388 1133 1434 Aetolos
1183 1387 1330 1434 exorti
1356 1402 1492 1433 causa
1526 1384 1585 1432 ab

151 1454 402 1504 Artemidis
432 1456 501 1501 ira
531 1455 758 1520 repetitur
778 1491 788 1510 ‚
826 1471 942 1519 quae
976 1458 1089 1499 κακὸν
1108 1452 1206 1516 ὦρσε

345 1526 560 1581 Χωσαμένη
586 1559 597 1578 ,
635 1525 653 1566 '0'
687 1528 716 1566 οἱ
742 1518 817 1565 οὔτι
843 1524 1000 1566 θαλύσια
1025 1522 1141 1581 γουνῷ
1168 1522 1290 1573 ἀλωῆς

346 1590 476 1639 Οἰνεὺς
500 1587 584 1649 ρέξε
599 1604 608 1612 ·
638 1586 743 1632 ἄλλοι
766 1587 804 1631 δὲ
824 1590 890 1631 θεοὶ
911 1586 1070 1630 δαίνυνθ’
1098 1588 1310 1645 ἑκατόμβας
1332 1581 1371 1630 4.

216 1655 258 1710 §.
304 1653 350 1699 8.
420 1651 612 1698 Pietatis
660 1652 723 1697 ita
772 1650 927 1697 officio
983 1648 1196 1696 defuncti
1249 1649 1474 1713 reliquam
1536 1657 1584 1696 et

150 1719 399 1764 maximam
426 1725 551 1763 certe
581 1717 796 1764 victimae
824 1725 1003 1782 partem
1032 1715 1120 1761 rite
1143 1723 1465 1780 praeparatam
1491 1714 1584 1761 sin-³

152 1781 359 1848 gulisque
385 1781 681 1828 distributam
709 1786 865 1829 δαίνυνθ’
886 1788 1046 1843 ἐζομενοι
1066 1780 1105 1829 5.
1171 1782 1229 1828 ln
1260 1780 1469 1828 convivia
1493 1780 1578 1845 igi-

148 1857 226 1893 tur
257 1846 534 1894 desinebant
553 1847 802 1894 sacrificia:

281 1950 292 1960 .
373 1945 389 1960 .
424 1946 436 1958 .
475 1917 550 1973 ἐπεὶ
582 1918 772 1958 παύσαντο
798 1918 903 1958 πόνου
930 1915 1118 1959 τετύκοντό
1141 1930 1181 1957 τε
1207 1912 1318 1957 δαῖτα
1333 1947 1346 1969 ,

278 1983 455 2024 Δαίνυντο
477 1975 515 2024 6.

145 2041 394 2110 Ejusmodi
431 2040 725 2097 convivium,
763 2040 973 2106 quamvis
1017 2040 1070 2087 in
1099 2040 1291 2105 privatis
1327 2039 1466 2088 etiam
1503 2056 1575 2090 sa-

147 2109 333 2157 crificiis
360 2106 516 2155 locum
544 2106 739 2154 haberet
761 2118 781 2151 7
801 2144 813 2166 ,
852 2106 902 2151 in
945 2103 1217 2154 solennibus
1260 2115 1419 2154 tamen
1458 2107 1578 2154 Deo-

1466 2189 1576 2223 rum

144 2304 279 2350 fulcra,
303 2313 342 2340 ut
368 2305 525 2348 videtur,
554 2301 738 2347 suberant,
763 2309 802 2337 ut
829 2301 874 2336 iis
899 2301 1061 2348 utrinque
1092 2310 1263 2338 extremae
1287 2314 1429 2339 veruum
1455 2311 1572 2349 partes

147 2360 394 2398 inniterentur.
439 2358 521 2394 vid.
554 2356 597 2394 Il.
618 2357 686 2402 IX,
722 2371 787 2392 212
817 2369 911 2402 seqq.
959 2357 1013 2391 Ita
1042 2358 1147 2392 etiam
1175 2359 1288 2403 Heyn·
1323 2358 1366 2393 ad
1395 2357 1465 2394 1.1.
1513 2357 1571 2397 Cf.

150 2414 266 2451 Schol,
286 2423 321 2449 et
337 2423 402 2451 eet.
423 2415 567 2458 interpr.
616 2412 744 2446 Eodem
778 2411 818 2447 ΙΙ.
849 2412 924 2447 loeo
951 2411 1005 2445 sal
1033 2415 1142 2446 θεῖον
1173 2413 1320 2458 dieitur,
1351 2420 1471 2458 utpote
1497 2413 1574 2448 uti..

148 2469 321 2504 lissimum
348 2477 382 2504 et
409 2468 524 2503 divino
551 2479 688 2501 munere
721 2465 874 2510 dignum.
1004 2466 1041 2510 1)
1067 2467 1125 2504 Vs.
1149 2469 1217 2503 450
1236 2480 1330 2514 seqq.
1368 2467 1422 2503 Cf.
1441 2466 1484 2504 Il.
1502 2467 1571 2513 lx,

150 2525 216 2560 215
248 2535 317 2569 seq.
434 2523 473 2567 2)
500 2522 646 2568 Interpr.
674 2521 801 2556 Athen.
836 2521 876 2556 L.
900 2520 964 2558 IV.
996 2533 1026 2558 c.
1046 2535 1102 2557 22-
1233 2522 1272 2565 3)
1298 2522 1343 2558 ΙΙ.Δ
1370 2521 1400 2556 Ι.
1433 2533 1481 2558 vs,
1501 2523 1570 2557 423

149 2589 244 2624 seqq·
269 2578 384 2624 ibique
409 2577 521 2623 Heyn.
554 2577 638 2611 Var-
667 2577 780 2611 Leett.
807 2583 843 2613 et
867 2576 947 2611 Obs.
983 2575 1037 2611 Cf.
1062 2576 1126 2613 od,
1151 2576 1225 2621 III,
1250 2578 1328 2612 438.
1458 2575 1498 2620 4)
1522 2575 1571 2621 ll.

149 2632 197 2666 IX
214 2661 222 2676 ,
246 2635 312 2678 529
337 2644 409 2677 seq·
442 2632 484 2665 ad
515 2644 548 2677 q.
572 2630 597 2667 l.
627 2630 697 2665 vid.
739 2630 849 2674 Heyn.
875 2639 911 2664 et
944 2630 1099 2677 Koppen.
1235 2630 1274 2673 5)
1300 2631 1366 2666 Od.
1388 2629 1463 2675 111,
1486 2632 1570 2679 471·

150 2686 188 2730 6)
215 2685 256 2724 11.
282 2686 319 2730 Ι,
342 2688 408 2733 467
432 2698 504 2731 seq.
528 2686 578 2721 Cf.
605 2685 727 2731 ILIX,
752 2687 817 2721 215
841 2697 934 2730 seqq.
1075 2685 1112 2732 7)
1139 2685 1220 2720 Vid.
1244 2685 1287 2722 ll.
1304 2684 1362 2722 IX.
1391 2696 1442 2723 vs.
1464 2685 1492 2724 l.

1096 2742 1197 2788 (22
