1780 3120
596 134 1168 212 HoMERICA.
1536 161 1594 226 ²7]

173 296 371 361 rumque
404 294 666 358 cognitione
697 293 902 340 munitus
949 291 1007 339 de
1042 291 1206 338 futuris
1247 291 1342 337 fere
1385 291 1588 341 callidius

179 361 369 426 conjicit
397 369 443 406 et
472 361 622 405 verius
647 370 662 393 ¹
748 360 852 417 Quo
891 359 945 405 fit
980 358 1109 403 utin
1147 354 1287 402 rebus
1320 359 1591 418 praesertim

179 427 407 489 ambiguis
447 434 492 471 et
525 425 712 471 incertis
749 440 824 470 eos
880 423 1122 470 consulant
1173 420 1413 486 aequales,
1470 423 1594 488 apud

179 510 293 557 quos
319 501 440 537 tanta
469 490 661 536 Homeri
689 493 783 553 jam
813 498 959 536 aetate
996 487 1085 534 illis
1113 487 1358 533 auctoritas
1394 489 1478 533 fuit
1497 525 1507 545 ,
1541 498 1594 535 ut

178 556 371 621 publice
402 557 696 601 mitterentur
733 557 890 608 ἐξελθεῖν
941 566 1004 599 καὶ
1045 561 1250 613 ἀμῦναιὶ,
1293 560 1339 597 et
1385 553 1592 600 Deorum

175 624 319 670 instar
353 623 429 683 (ex
460 621 711 666 Homerica
748 618 973 685 loquendi
1019 619 1228 682 ratione)
1280 616 1542 665 colerentur
1567 636 1593 666 a

173 686 347 753 populo
369 686 408 732 5.

240 755 279 816 ς’.
315 753 362 811 4.
430 749 762 805 Sacerdotalis,
799 757 851 794 ut
884 749 946 794 ita
980 747 1154 805 dicam,
1190 757 1314 795 casta
1349 765 1446 796 non
1475 750 1589 798 fuit:

177 834 294 883 quae
323 816 533 862 heroicae
562 816 724 862 aetatis
751 812 895 861 indoli
920 823 1152 878 repugnat
1169 852 1179 871 ,
1215 831 1306 861 nec
1335 814 1384 860 in
1401 815 1596 864 Homeri

175 880 463 930 carminibus
494 882 705 927 occurrit.
792 879 1098 926 vaticinandi
1139 888 1293 925 autem
1332 880 1598 928 facultatem

176 963 514 1011 nonnunquam
535 965 559 992 a
576 943 907 1011 patrefamilias
932 944 981 990 in
1004 944 1182 1010 prolem
1210 963 1338 991 suam
1358 947 1596 993 transiisse

175 1028 342 1076 negare
370 1020 495 1058 vetat
518 1011 711 1057 Homeri
739 1012 864 1057 locus
901 1010 993 1056 Od.
1022 1010 1129 1068 XV,
1150 1011 1243 1070 224
1272 1028 1368 1075 seq.
1393 1013 1431 1058 4,
1500 1012 1599 1059 Ne-

174 1094 266 1143 que
295 1085 448 1124 tamen
474 1077 523 1123 in
547 1078 756 1140 parentis
778 1077 1087 1122 ministerium
1112 1075 1422 1123 succedebant
1444 1086 1602 1141 poste·

174 1143 234 1194 ri.
283 1142 425 1202 Quod
452 1158 508 1188 ex
536 1159 630 1188 uno
653 1142 871 1189 Theanus
893 1140 914 1174 ⁵
950 1139 1196 1186 sacerdotis
1221 1140 1430 1207 exemplo
1453 1142 1603 1188 effice-

173 1224 226 1255 re
249 1208 367 1255 mihi
392 1206 548 1266 liceat,
584 1225 723 1272 quam
747 1212 874 1268 Τρῶες
903 1205 1041 1259 ἔθηκαν
1062 1208 1258 1260 Ἀθηναίης
1283 1213 1414 1269 ἱέρειαν
1438 1207 1484 1264 6,
1521 1208 1602 1255 οὔτε

175 1277 394 1334 κληρωτὴν,
420 1282 473 1320 ut
496 1274 559 1319 ait
575 1272 845 1319 Eustathius
869 1284 912 1329 7,
947 1272 1018 1318 οὔτ’
1040 1278 1080 1317 έν.
1096 1281 1216 1333 γένους
1231 1309 1242 1330 ,
1264 1272 1342 1318 οὔτε
1365 1276 1441 1326 ἑνὲς
1455 1277 1566 1335 ψήφῳ
1582 1307 1599 1335 ,

177 1339 261 1384 ἀλλ’
279 1338 324 1390 ἣν
340 1372 352 1391 ,
387 1346 435 1388 ὡς
460 1347 490 1381 οἱ
524 1342 677 1381 παλαιαί
696 1360 786 1398 φησι
803 1374 814 1390 ,
850 1343 890 1380 τὸ
919 1341 1053 1387 πὶῆθσς
1084 1341 1213 1382 effeto.

244 1402 283 1464 §.
320 1400 366 1447 5.
434 1399 811 1446 Admittebantur
842 1406 995 1443 autem
1019 1397 1077 1443 ad
1103 1396 1412 1445 sacerdotium
1444 1409 1491 1446 et
1515 1401 1601 1448 viri

183 1473 233 1512 et
258 1465 515 1522 foeminae,
552 1465 665 1528 quin
692 1464 830 1510 etiam
863 1463 1156 1509 matrimonio
1194 1465 1341 1525 juncti
1361 1502 1374 1522 ,
1401 1466 1468 1511 uti
1507 1466 1602 1512 Ma-

181 1548 269 1577 ron
303 1529 402 1586 ille,
437 1528 664 1594 Apollinis
696 1527 933 1583 sacerdos,
972 1545 1110 1592 quem
1154 1545 1260 1574 cum
1289 1547 1429 1576 uxore
1461 1547 1513 1577 ac
1545 1531 1602 1579 li-

182 1594 308 1642 beris
343 1595 551 1642 defendit
579 1593 768 1658 Ulysses
791 1595 828 1639 3.
897 1594 970 1639 Sic
999 1593 1198 1656 Chryses
1227 1595 1369 1640 filiam
1401 1595 1603 1645 habebat

185 1661 486 1724 Chryseidem
512 1670 554 1716 9;
581 1660 768 1716 Dareti‚
802 1658 1056 1722 Hephaesti
1093 1658 1217 1723 apud
1260 1660 1489 1723 Troianos
1524 1681 1606 1709 an-

184 1726 344 1784 tistiti‚
381 1726 475 1772 duo
517 1726 600 1773 filii
641 1733 772 1771 erant
813 1725 1024 1786 Phegeus
1065 1733 1111 1770 et
1148 1723 1312 1770 Idaeus
1329 1737 1386 1774 10.
1446 1725 1606 1775 Iliadis

184 1790 317 1838 Libr.
335 1791 378 1836 V
405 1801 686 1838 memoratur
702 1790 946 1854 Ilypsenor
963 1827 973 1845 ,
1007 1789 1281 1854 Dolopionis
1300 1827 1310 1847 ,
1335 1792 1610 1842 Scamandri

188 1854 438 1903 sacerdotis
454 1894 464 1914 ,
494 1856 615 1902 filius
629 1867 666 1889 ¹1
687 1872 698 1913 ;
724 1864 775 1900 ut
798 1855 923 1900 Libr.
942 1855 1063 1900 XVI
1080 1865 1122 1889 12
1139 1892 1149 1908 ,
1174 1857 1416 1915 Laogonus
1433 1856 1608 1905 Oneto-

186 1921 276 1977 ris,
312 1923 391 1986 qui
419 1922 498 1967 Zei
523 1921 628 1966 fano
660 1921 709 1965 in
737 1918 819 1963 Ida
846 1929 1072 1982 praeerat,
1138 1918 1273 1964 Idem
1303 1920 1361 1965 de
1391 1920 1608 1972 foeminis

186 1985 400 2033 traditur.
452 1985 647 2030 Theano
683 1983 836 2039 enim,
871 1982 1121 2029 Antenoris
1161 1999 1299 2042 uxor,
1334 2002 1359 2030 a
1391 1985 1608 2055 Trojanis

1534 2072 1607 2103 sa·-

235 2190 272 2236 1)
297 2189 351 2225 Ita
373 2189 545 2224 Homerus
578 2187 618 2221 de
653 2186 859 2232 Calchante,
885 2187 922 2226 ὃς
946 2187 1022 2231 ᾔδη
1052 2189 1100 2220 τά,
1122 2191 1155 2221 τ’
1179 2189 1312 2235 ἕξοντα,
1338 2193 1384 2225 τά
1407 2194 1442 2225 τ’
1463 2194 1609 2237 ἐσσόμε-

189 2259 258 2294 ινρι,
281 2246 352 2291 πρό
373 2246 407 2277 τ’
428 2244 538 2277 zona
561 2241 656 2285 11-1,
675 2254 727 2286 70.
761 2241 819 2275 ubi
851 2241 920 2277 vid.
950 2242 1063 2287 Heyn.
1109 2243 1199 2279 Hinc
1222 2244 1374 2280 Eehenei
1404 2248 1494 2283 senis
1517 2250 1608 2285 inter

190 2300 382 2335 Phaeacum
410 2298 578 2343 primores
602 2297 809 2330 auctoritas:
838 2297 979 2329 παλαιά
1000 2309 1062 2342 τε,
1086 2298 1204 2331 πολλά
1229 2312 1271 2332 τε
1297 2301 1407 2339 εἰδώς
1429 2302 1494 2336 Od.
1519 2305 1610 2351 VII,

194 2356 257 2399 ²57
281 2365 375 2398 seqq,
476 2352 514 2395 2)
541 2350 581 2386 Il.
606 2350 671 2394 IX,
687 2353 748 2397 571
767 2363 836 2396 seq,
938 2350 975 2395 5)
1001 2351 1084 2388 Vid.
1110 2364 1138 2388 e.
1160 2365 1189 2398 g.
1215 2353 1258 2390 Il.
1274 2354 1324 2400 V,
1341 2358 1394 2401 78.
1489 2357 1529 2401 4)
1555 2357 1610 2395 Cf.

191 2405 431 2442 WachSmuth
453 2406 515 2451 Op.
537 2406 559 2441 l.
586 2412 669 2442 tom.
695 2405 722 2441 Ι.
748 2418 780 2451 p.
803 2410 859 2441 80.
975 2405 1013 2449 5)
1039 2406 1091 2440 De
1113 2420 1177 2452 qua
1198 2409 1265 2445 vid.
1292 2408 1334 2444 Il.
1351 2409 1461 2455 V‚70'
1486 2419 1520 2445 et
1538 2411 1611 2459 VI,

192 2463 271 2497 500.
410 2460 448 2504 6)
474 2460 516 2497 Il.
542 2460 613 2504 VI,
639 2463 712 2496 500.
854 2459 891 2507 7)
917 2460 969 2494 Ad
992 2460 1036 2496 ΙΙ.
1069 2460 1090 2497 l.
1112 2461 1136 2499 l.
1299 2463 1337 2507 8)
1364 2463 1426 2499 Od.
1449 2464 1513 2509 IX,
1531 2478 1609 2513 199.

193 2514 233 2560 9)
257 2514 301 2551 11.
324 2514 367 2560 1,,
391 2528 465 2551 111.
570 2515 628 2558 10)
654 2515 697 2551 Il.
722 2515 774 2559 V,
800 2528 853 2551 10.
972 2515 1030 2558 11)
1057 2515 1099 2549 11.
1115 2516 1154 2553 L.
1175 2516 1199 2553 l.
1226 2530 1278 2563 77.
1326 2517 1531 2552 Scamandro
1551 2532 1614 2556 sua

195 2580 291 2603 sacra
303 2581 468 2614 suumque
488 2570 701 2604 sacerdotem
716 2569 820 2604 fuisse
833 2598 842 2615 ,
871 2577 989 2604 notatu
1002 2569 1141 2616 dignum
1154 2599 1164 2616 ‚
1190 2579 1228 2605 ut
1239 2573 1290 2607 ait
1309 2571 1465 2616 Heynius
1487 2571 1528 2605 ad
1548 2566 1572 2610 1'.
1585 2574 1615 2608 10¹

197 2623 258 2668 12)
282 2623 344 2662 Vs.
367 2626 445 2661 604.
