<?xml version="1.0" encoding="UTF-8"?>
<!DOCTYPE html PUBLIC "-//W3C//DTD XHTML 1.0 Transitional//EN"
    "http://www.w3.org/TR/xhtml1/DTD/xhtml1-transitional.dtd">
<html xmlns="http://www.w3.org/1999/xhtml" xml:lang="en" lang="en">
 <head>
  <title>
</title>
<meta http-equiv="Content-Type" content="text/html;charset=utf-8" />
  <meta name='ocr-system' content='tesseract 3.04.00' />
  <meta name='ocr-capabilities' content='ocr_page ocr_carea ocr_par ocr_line ocrx_word'/>
</head>
<body>
  <div class='ocr_page' id='page_1' title='image "antiquitashomeri00terpuoft_0058.png"; bbox 0 0 1780 3120; ppageno 0'>
   <div class='ocr_carea' id='block_1_1' title="bbox 205 125 1245 194">
    <p class='ocr_par' dir='ltr' id='par_1_1' title="bbox 205 125 1245 194">
     <span class='ocr_line' id='line_1_1' title="bbox 205 125 1245 194; baseline -0.003 -18"><span class='ocrx_word' id='word_1_1' title='bbox 205 131 264 194; x_wconf 47' lang='lat' dir='ltr'>q</span> <span class='ocrx_word' id='word_1_2' title='bbox 571 125 1245 186; x_wconf 77' lang='lat' dir='ltr'><strong>ANTIQUITAS</strong></span> 
     </span>
    </p>
   </div>
   <div class='ocr_carea' id='block_1_2' title="bbox 194 254 1634 2153">
    <p class='ocr_par' dir='ltr' id='par_1_2' title="bbox 195 254 1619 1044">
     <span class='ocr_line' id='line_1_2' title="bbox 200 254 1608 324; baseline -0.003 -16"><span class='ocrx_word' id='word_1_3' title='bbox 200 261 272 308; x_wconf 86' lang='lat' dir='ltr'>Ita</span> <span class='ocrx_word' id='word_1_4' title='bbox 301 259 500 307; x_wconf 87' lang='lat' dir='ltr'>Athenes</span> <span class='ocrx_word' id='word_1_5' title='bbox 530 254 758 321; x_wconf 89' lang='lat' dir='ltr'>templum</span> <span class='ocrx_word' id='word_1_6' title='bbox 795 256 881 302; x_wconf 85' lang='lat' dir='ltr'>suit</span> <span class='ocrx_word' id='word_1_7' title='bbox 906 260 943 303; x_wconf 80' lang='grc' dir='ltr'>ἐν</span> <span class='ocrx_word' id='word_1_8' title='bbox 975 260 1073 304; x_wconf 81' lang='grc' dir='ltr'>πόλει</span> <span class='ocrx_word' id='word_1_9' title='bbox 1114 259 1216 321; x_wconf 72' lang='grc' dir='ltr'>ἄκρῃ</span> <span class='ocrx_word' id='word_1_10' title='bbox 1241 267 1260 292; x_wconf 86' lang='lat'>²</span> <span class='ocrx_word' id='word_1_11' title='bbox 1295 264 1342 304; x_wconf 87' lang='lat' dir='ltr'>et</span> <span class='ocrx_word' id='word_1_12' title='bbox 1383 259 1608 324; x_wconf 85' lang='lat' dir='ltr'>Apollinis</span> 
     </span>
     <span class='ocr_line' id='line_1_3' title="bbox 199 321 1611 388; baseline 0.001 -16"><span class='ocrx_word' id='word_1_13' title='bbox 199 327 252 373; x_wconf 89' lang='lat' dir='ltr'>in</span> <span class='ocrx_word' id='word_1_14' title='bbox 283 325 501 388; x_wconf 79' lang='lat' dir='ltr'>Pergamo</span> <span class='ocrx_word' id='word_1_15' title='bbox 525 334 569 375; x_wconf 74' lang='lat'>2,</span> <span class='ocrx_word' id='word_1_16' title='bbox 599 324 730 387; x_wconf 88' lang='lat' dir='ltr'>cujus</span> <span class='ocrx_word' id='word_1_17' title='bbox 757 330 856 368; x_wconf 81' lang='lat' dir='ltr'>erat</span> <span class='ocrx_word' id='word_1_18' title='bbox 880 325 1038 385; x_wconf 70' lang='grc' dir='ltr'>μεγάλου</span> <span class='ocrx_word' id='word_1_19' title='bbox 1062 321 1214 379; x_wconf 51' lang='lat' dir='ltr'>aava»,</span> <span class='ocrx_word' id='word_1_20' title='bbox 1241 321 1271 367; x_wconf 89' lang='lat' dir='ltr'>i.</span> <span class='ocrx_word' id='word_1_21' title='bbox 1303 339 1344 368; x_wconf 93' lang='lat' dir='ltr'>e.</span> <span class='ocrx_word' id='word_1_22' title='bbox 1363 359 1375 379; x_wconf 91' lang='lat'>‚</span> <span class='ocrx_word' id='word_1_23' title='bbox 1404 332 1507 380; x_wconf 65' lang='lat' dir='ltr'>zc‘mg</span> <span class='ocrx_word' id='word_1_24' title='bbox 1538 338 1611 373; x_wconf 85' lang='grc' dir='ltr'>τῶν</span> 
     </span>
     <span class='ocr_line' id='line_1_4' title="bbox 197 386 1615 455; baseline 0 -17"><span class='ocrx_word' id='word_1_25' title='bbox 197 400 304 455; x_wconf 73' lang='grc' dir='ltr'><em>ἱερῶν</em></span> <span class='ocrx_word' id='word_1_26' title='bbox 335 396 382 444; x_wconf 77' lang='grc' dir='ltr'>εἷς</span> <span class='ocrx_word' id='word_1_27' title='bbox 421 392 462 436; x_wconf 75' lang='grc' dir='ltr'>ἓν</span> <span class='ocrx_word' id='word_1_28' title='bbox 505 391 567 434; x_wconf 74' lang='grc' dir='ltr'>οὐκ</span> <span class='ocrx_word' id='word_1_29' title='bbox 597 387 740 441; x_wconf 74' lang='grc' dir='ltr'><em>’ἔξεστιν</em></span> <span class='ocrx_word' id='word_1_30' title='bbox 773 393 906 434; x_wconf 75' lang='grc' dir='ltr'><em>ἐσιέναι</em></span> <span class='ocrx_word' id='word_1_31' title='bbox 938 399 1052 434; x_wconf 74' lang='grc' dir='ltr'><em>πᾶσιν</em></span> <span class='ocrx_word' id='word_1_32' title='bbox 1074 386 1127 446; x_wconf 80' lang='lat'>5,</span> <span class='ocrx_word' id='word_1_33' title='bbox 1171 386 1298 451; x_wconf 82' lang='lat' dir='ltr'>quod</span> <span class='ocrx_word' id='word_1_34' title='bbox 1334 386 1396 435; x_wconf 85' lang='lat' dir='ltr'>ob</span> <span class='ocrx_word' id='word_1_35' title='bbox 1424 390 1615 455; x_wconf 77' lang='lat' dir='ltr'>pinguia</span> 
     </span>
     <span class='ocr_line' id='line_1_5' title="bbox 201 451 1613 520; baseline -0.001 -18"><span class='ocrx_word' id='word_1_36' title='bbox 201 466 248 503; x_wconf 83' lang='lat' dir='ltr'>et</span> <span class='ocrx_word' id='word_1_37' title='bbox 283 456 562 520; x_wconf 84' lang='lat' dir='ltr'>frequenter·</span> <span class='ocrx_word' id='word_1_38' title='bbox 588 451 706 498; x_wconf 86' lang='lat' dir='ltr'>inibi</span> <span class='ocrx_word' id='word_1_39' title='bbox 746 452 847 499; x_wconf 86' lang='lat' dir='ltr'>Diis</span> <span class='ocrx_word' id='word_1_40' title='bbox 886 451 1035 498; x_wconf 84' lang='lat' dir='ltr'>oblata</span> <span class='ocrx_word' id='word_1_41' title='bbox 1069 452 1289 499; x_wconf 85' lang='lat' dir='ltr'>sacrificia</span> <span class='ocrx_word' id='word_1_42' title='bbox 1320 456 1497 518; x_wconf 88' lang='lat' dir='ltr'>saepius</span> <span class='ocrx_word' id='word_1_43' title='bbox 1532 466 1613 503; x_wconf 68' lang='grc' dir='ltr'>πίω</span> 
     </span>
     <span class='ocr_line' id='line_1_6' title="bbox 199 516 1613 583; baseline 0 -15"><span class='ocrx_word' id='word_1_44' title='bbox 199 521 327 568; x_wconf 80' lang='lat' dir='ltr'>audit</span> <span class='ocrx_word' id='word_1_45' title='bbox 348 521 383 564; x_wconf 82' lang='lat'>4.</span> <span class='ocrx_word' id='word_1_46' title='bbox 446 519 485 565; x_wconf 81' lang='lat' dir='ltr'>F</span> <span class='ocrx_word' id='word_1_47' title='bbox 490 517 645 564; x_wconf 85' lang='lat' dir='ltr'>oribus</span> <span class='ocrx_word' id='word_1_48' title='bbox 681 516 853 583; x_wconf 77' lang='lat' dir='ltr'>templa</span> <span class='ocrx_word' id='word_1_49' title='bbox 886 521 1065 565; x_wconf 85' lang='lat' dir='ltr'>munita</span> <span class='ocrx_word' id='word_1_50' title='bbox 1106 526 1236 564; x_wconf 85' lang='lat' dir='ltr'>eraut</span> <span class='ocrx_word' id='word_1_51' title='bbox 1257 517 1279 551; x_wconf 92' lang='lat'><em>5</em></span> <span class='ocrx_word' id='word_1_52' title='bbox 1291 556 1302 575; x_wconf 87' lang='lat'><strong>‚</strong></span> <span class='ocrx_word' id='word_1_53' title='bbox 1338 537 1448 583; x_wconf 82' lang='lat' dir='ltr'>quas</span> <span class='ocrx_word' id='word_1_54' title='bbox 1492 524 1613 576; x_wconf 67' lang='grc' dir='ltr'><em>κληῖδι</em></span> 
     </span>
     <span class='ocr_line' id='line_1_7' title="bbox 199 582 1612 652; baseline -0.001 -18"><span class='ocrx_word' id='word_1_55' title='bbox 199 585 467 652; x_wconf 82' lang='lat' dir='ltr'>aperiebant</span> <span class='ocrx_word' id='word_1_56' title='bbox 490 584 528 631; x_wconf 78' lang='grc'>6.</span> <span class='ocrx_word' id='word_1_57' title='bbox 610 582 826 631; x_wconf 84' lang='lat' dir='ltr'>Plurimis</span> <span class='ocrx_word' id='word_1_58' title='bbox 870 601 1007 649; x_wconf 89' lang='lat' dir='ltr'>porro</span> <span class='ocrx_word' id='word_1_59' title='bbox 1050 585 1198 648; x_wconf 77' lang='lat' dir='ltr'>iisque</span> <span class='ocrx_word' id='word_1_60' title='bbox 1227 583 1612 648; x_wconf 78' lang='lat' dir='ltr'>splendidissimis</span> 
     </span>
     <span class='ocr_line' id='line_1_8' title="bbox 197 649 1614 714; baseline 0.001 -15"><span class='ocrx_word' id='word_1_61' title='bbox 197 651 336 700; x_wconf 87' lang='lat' dir='ltr'>rebus</span> <span class='ocrx_word' id='word_1_62' title='bbox 364 649 666 707; x_wconf 81' lang='lat' dir='ltr'>ornabantur,</span> <span class='ocrx_word' id='word_1_63' title='bbox 702 650 764 695; x_wconf 82' lang='lat' dir='ltr'>ita</span> <span class='ocrx_word' id='word_1_64' title='bbox 809 658 862 696; x_wconf 83' lang='lat' dir='ltr'>ut</span> <span class='ocrx_word' id='word_1_65' title='bbox 888 649 1219 697; x_wconf 83' lang='lat' dir='ltr'>nonnullorum</span> <span class='ocrx_word' id='word_1_66' title='bbox 1262 649 1494 714; x_wconf 84' lang='lat' dir='ltr'>opulentia</span> <span class='ocrx_word' id='word_1_67' title='bbox 1536 653 1614 700; x_wconf 85' lang='lat' dir='ltr'>ad-</span> 
     </span>
     <span class='ocr_line' id='line_1_9' title="bbox 197 714 1613 779; baseline 0 -15"><span class='ocrx_word' id='word_1_68' title='bbox 197 716 389 765; x_wconf 85' lang='lat' dir='ltr'>modum</span> <span class='ocrx_word' id='word_1_69' title='bbox 435 724 555 762; x_wconf 78' lang='lat' dir='ltr'>esset</span> <span class='ocrx_word' id='word_1_70' title='bbox 598 715 786 778; x_wconf 79' lang='lat' dir='ltr'>insignis</span> <span class='ocrx_word' id='word_1_71' title='bbox 811 726 846 762; x_wconf 89' lang='lat'>7.</span> <span class='ocrx_word' id='word_1_72' title='bbox 927 715 1144 762; x_wconf 88' lang='lat' dir='ltr'>Ceterum</span> <span class='ocrx_word' id='word_1_73' title='bbox 1191 714 1362 779; x_wconf 87' lang='lat' dir='ltr'>templa</span> <span class='ocrx_word' id='word_1_74' title='bbox 1402 714 1496 761; x_wconf 87' lang='lat' dir='ltr'>fere</span> <span class='ocrx_word' id='word_1_75' title='bbox 1541 717 1613 764; x_wconf 83' lang='lat' dir='ltr'>his</span> 
     </span>
     <span class='ocr_line' id='line_1_10' title="bbox 195 779 1617 846; baseline 0 -18"><span class='ocrx_word' id='word_1_76' title='bbox 195 780 485 846; x_wconf 81' lang='lat' dir='ltr'>temporibus</span> <span class='ocrx_word' id='word_1_77' title='bbox 507 781 608 827; x_wconf 79' lang='lat' dir='ltr'>Diis</span> <span class='ocrx_word' id='word_1_78' title='bbox 640 779 945 845; x_wconf 83' lang='lat' dir='ltr'>singularibus</span> <span class='ocrx_word' id='word_1_79' title='bbox 976 790 1108 827; x_wconf 84' lang='lat' dir='ltr'>erant</span> <span class='ocrx_word' id='word_1_80' title='bbox 1136 779 1345 827; x_wconf 85' lang='lat' dir='ltr'>dedicata</span> <span class='ocrx_word' id='word_1_81' title='bbox 1362 819 1372 839; x_wconf 83' lang='lat'><em>‚</em></span> <span class='ocrx_word' id='word_1_82' title='bbox 1394 789 1445 826; x_wconf 85' lang='lat' dir='ltr'>ut</span> <span class='ocrx_word' id='word_1_83' title='bbox 1477 781 1617 828; x_wconf 88' lang='lat' dir='ltr'>Athe·</span> 
     </span>
     <span class='ocr_line' id='line_1_11' title="bbox 196 846 1619 909; baseline -0.001 -14"><span class='ocrx_word' id='word_1_84' title='bbox 196 865 286 895; x_wconf 84' lang='lat' dir='ltr'>nae</span> <span class='ocrx_word' id='word_1_85' title='bbox 313 847 362 894; x_wconf 90' lang='lat' dir='ltr'>in</span> <span class='ocrx_word' id='word_1_86' title='bbox 400 847 517 894; x_wconf 85' lang='lat' dir='ltr'>urbe</span> <span class='ocrx_word' id='word_1_87' title='bbox 548 864 572 892; x_wconf 89' lang='lat' dir='ltr'>a</span> <span class='ocrx_word' id='word_1_88' title='bbox 597 847 722 893; x_wconf 87' lang='lat' dir='ltr'>Deae</span> <span class='ocrx_word' id='word_1_89' title='bbox 752 847 939 908; x_wconf 79' lang='lat' dir='ltr'>nomine</span> <span class='ocrx_word' id='word_1_90' title='bbox 972 846 1096 893; x_wconf 84' lang='lat' dir='ltr'>dicta</span> <span class='ocrx_word' id='word_1_91' title='bbox 1118 846 1140 879; x_wconf 90' lang='lat'>8</span> <span class='ocrx_word' id='word_1_92' title='bbox 1182 855 1228 892; x_wconf 80' lang='lat' dir='ltr'>et</span> <span class='ocrx_word' id='word_1_93' title='bbox 1253 846 1417 909; x_wconf 83' lang='lat' dir='ltr'>Trojae</span> <span class='ocrx_word' id='word_1_94' title='bbox 1442 857 1490 892; x_wconf 86' lang='lat'>9:</span> <span class='ocrx_word' id='word_1_95' title='bbox 1528 848 1619 893; x_wconf 88' lang='lat' dir='ltr'>Po-</span> 
     </span>
     <span class='ocr_line' id='line_1_12' title="bbox 196 911 1619 978; baseline 0 -18"><span class='ocrx_word' id='word_1_96' title='bbox 196 912 375 960; x_wconf 87' lang='lat' dir='ltr'>seidoni</span> <span class='ocrx_word' id='word_1_97' title='bbox 411 911 538 977; x_wconf 83' lang='lat' dir='ltr'>apud</span> <span class='ocrx_word' id='word_1_98' title='bbox 564 912 794 960; x_wconf 80' lang='lat' dir='ltr'>Phaeaces</span> <span class='ocrx_word' id='word_1_99' title='bbox 828 924 892 959; x_wconf 84' lang='lat'>10:</span> <span class='ocrx_word' id='word_1_100' title='bbox 928 912 1136 978; x_wconf 84' lang='lat' dir='ltr'>Apollini</span> <span class='ocrx_word' id='word_1_101' title='bbox 1163 911 1214 958; x_wconf 91' lang='lat' dir='ltr'>in</span> <span class='ocrx_word' id='word_1_102' title='bbox 1244 912 1392 976; x_wconf 75' lang='lat' dir='ltr'>Pytho</span> <span class='ocrx_word' id='word_1_103' title='bbox 1414 923 1451 946; x_wconf 83' lang='lat'>²1</span> <span class='ocrx_word' id='word_1_104' title='bbox 1499 912 1619 960; x_wconf 86' lang='lat' dir='ltr'>aliis-</span> 
     </span>
     <span class='ocr_line' id='line_1_13' title="bbox 195 976 442 1044; baseline 0.004 -20"><span class='ocrx_word' id='word_1_105' title='bbox 195 995 287 1044; x_wconf 85' lang='lat' dir='ltr'>que</span> <span class='ocrx_word' id='word_1_106' title='bbox 315 976 442 1025; x_wconf 88' lang='lat' dir='ltr'>alibi.</span> 
     </span>
    </p>

    <p class='ocr_par' dir='ltr' id='par_1_3' title="bbox 194 1041 1625 2092">
     <span class='ocr_line' id='line_1_14' title="bbox 258 1041 1618 1108; baseline 0 -17"><span class='ocrx_word' id='word_1_107' title='bbox 258 1043 297 1108; x_wconf 68' lang='grc' dir='ltr'>ξ.</span> <span class='ocrx_word' id='word_1_108' title='bbox 333 1044 379 1091; x_wconf 88' lang='grc'>6.</span> <span class='ocrx_word' id='word_1_109' title='bbox 444 1044 567 1091; x_wconf 86' lang='lat' dir='ltr'>Deos</span> <span class='ocrx_word' id='word_1_110' title='bbox 598 1045 737 1091; x_wconf 86' lang='lat' dir='ltr'>certis</span> <span class='ocrx_word' id='word_1_111' title='bbox 763 1043 877 1090; x_wconf 89' lang='lat' dir='ltr'>locis</span> <span class='ocrx_word' id='word_1_112' title='bbox 915 1042 1132 1089; x_wconf 84' lang='lat' dir='ltr'>definitos</span> <span class='ocrx_word' id='word_1_113' title='bbox 1163 1041 1362 1103; x_wconf 84' lang='lat' dir='ltr'>habere,</span> <span class='ocrx_word' id='word_1_114' title='bbox 1405 1042 1618 1091; x_wconf 85' lang='lat' dir='ltr'>heroicae</span> 
     </span>
     <span class='ocr_line' id='line_1_15' title="bbox 199 1107 1620 1175; baseline 0 -19"><span class='ocrx_word' id='word_1_115' title='bbox 199 1111 362 1156; x_wconf 87' lang='lat' dir='ltr'>aetatis</span> <span class='ocrx_word' id='word_1_116' title='bbox 405 1109 676 1157; x_wconf 79' lang='lat' dir='ltr'>mortalibus</span> <span class='ocrx_word' id='word_1_117' title='bbox 712 1126 877 1175; x_wconf 84' lang='lat' dir='ltr'>parum</span> <span class='ocrx_word' id='word_1_118' title='bbox 907 1109 1023 1166; x_wconf 70' lang='lat' dir='ltr'>fuit,</span> <span class='ocrx_word' id='word_1_119' title='bbox 1060 1108 1151 1154; x_wconf 89' lang='lat' dir='ltr'>nisi</span> <span class='ocrx_word' id='word_1_120' title='bbox 1181 1107 1329 1155; x_wconf 87' lang='lat' dir='ltr'>oculis</span> <span class='ocrx_word' id='word_1_121' title='bbox 1369 1110 1507 1156; x_wconf 78' lang='lat' dir='ltr'>etiam</span> <span class='ocrx_word' id='word_1_122' title='bbox 1539 1109 1620 1156; x_wconf 87' lang='lat' dir='ltr'>ob-</span> 
     </span>
     <span class='ocr_line' id='line_1_16' title="bbox 194 1173 1620 1242; baseline 0 -22"><span class='ocrx_word' id='word_1_123' title='bbox 194 1178 340 1242; x_wconf 83' lang='lat' dir='ltr'>jectos</span> <span class='ocrx_word' id='word_1_124' title='bbox 395 1176 732 1241; x_wconf 77' lang='lat' dir='ltr'>conspicerent.</span> <span class='ocrx_word' id='word_1_125' title='bbox 811 1177 989 1222; x_wconf 89' lang='lat' dir='ltr'>Eorum</span> <span class='ocrx_word' id='word_1_126' title='bbox 1053 1174 1206 1240; x_wconf 83' lang='lat' dir='ltr'>itaque</span> <span class='ocrx_word' id='word_1_127' title='bbox 1247 1173 1489 1220; x_wconf 87' lang='lat' dir='ltr'>simulacra</span> <span class='ocrx_word' id='word_1_128' title='bbox 1529 1174 1620 1221; x_wconf 87' lang='lat' dir='ltr'>sibi</span> 
     </span>
     <span class='ocr_line' id='line_1_17' title="bbox 197 1238 1619 1306; baseline -0.001 -18"><span class='ocrx_word' id='word_1_129' title='bbox 197 1241 508 1300; x_wconf 77' lang='lat' dir='ltr'>effinxerunt,</span> <span class='ocrx_word' id='word_1_130' title='bbox 558 1258 756 1306; x_wconf 78' lang='lat' dir='ltr'>quorum</span> <span class='ocrx_word' id='word_1_131' title='bbox 796 1240 946 1286; x_wconf 85' lang='lat' dir='ltr'>forma</span> <span class='ocrx_word' id='word_1_132' title='bbox 997 1248 1134 1304; x_wconf 80' lang='lat' dir='ltr'>atque</span> <span class='ocrx_word' id='word_1_133' title='bbox 1181 1239 1396 1285; x_wconf 84' lang='lat' dir='ltr'>materies</span> <span class='ocrx_word' id='word_1_134' title='bbox 1447 1238 1619 1304; x_wconf 82' lang='lat' dir='ltr'>absque</span> 
     </span>
     <span class='ocr_line' id='line_1_18' title="bbox 198 1302 1621 1369; baseline -0.002 -16"><span class='ocrx_word' id='word_1_135' title='bbox 198 1309 324 1354; x_wconf 86' lang='lat' dir='ltr'>omni</span> <span class='ocrx_word' id='word_1_136' title='bbox 356 1306 499 1354; x_wconf 84' lang='lat' dir='ltr'>dubio</span> <span class='ocrx_word' id='word_1_137' title='bbox 527 1307 654 1353; x_wconf 84' lang='lat' dir='ltr'>rudis</span> <span class='ocrx_word' id='word_1_138' title='bbox 676 1305 792 1361; x_wconf 81' lang='lat' dir='ltr'>fuit,</span> <span class='ocrx_word' id='word_1_139' title='bbox 829 1306 1004 1369; x_wconf 83' lang='lat' dir='ltr'>quippe</span> <span class='ocrx_word' id='word_1_140' title='bbox 1031 1320 1150 1369; x_wconf 88' lang='lat' dir='ltr'>quae</span> <span class='ocrx_word' id='word_1_141' title='bbox 1177 1304 1252 1349; x_wconf 85' lang='lat' dir='ltr'>vel</span> <span class='ocrx_word' id='word_1_142' title='bbox 1275 1302 1457 1368; x_wconf 82' lang='lat' dir='ltr'>lapidea</span> <span class='ocrx_word' id='word_1_143' title='bbox 1482 1304 1621 1351; x_wconf 82' lang='lat' dir='ltr'>fuisse</span> 
     </span>
     <span class='ocr_line' id='line_1_19' title="bbox 197 1367 1620 1436; baseline -0.004 -15"><span class='ocrx_word' id='word_1_144' title='bbox 197 1373 417 1421; x_wconf 84' lang='lat' dir='ltr'>videntur</span> <span class='ocrx_word' id='word_1_145' title='bbox 445 1371 517 1421; x_wconf 89' lang='lat' dir='ltr'>vel</span> <span class='ocrx_word' id='word_1_146' title='bbox 547 1372 727 1436; x_wconf 78' lang='lat' dir='ltr'>lignea,</span> <span class='ocrx_word' id='word_1_147' title='bbox 774 1371 849 1417; x_wconf 81' lang='lat' dir='ltr'>vix</span> <span class='ocrx_word' id='word_1_148' title='bbox 887 1369 985 1416; x_wconf 86' lang='lat' dir='ltr'>ulla</span> <span class='ocrx_word' id='word_1_149' title='bbox 1013 1378 1110 1415; x_wconf 85' lang='lat' dir='ltr'>arte</span> <span class='ocrx_word' id='word_1_150' title='bbox 1143 1367 1285 1432; x_wconf 82' lang='lat' dir='ltr'>polita</span> <span class='ocrx_word' id='word_1_151' title='bbox 1307 1386 1359 1415; x_wconf 85' lang='lat' dir='ltr'>ac</span> <span class='ocrx_word' id='word_1_152' title='bbox 1391 1368 1620 1416; x_wconf 81' lang='lat' dir='ltr'>dedolata.</span> 
     </span>
     <span class='ocr_line' id='line_1_20' title="bbox 197 1434 1624 1502; baseline -0.002 -17"><span class='ocrx_word' id='word_1_153' title='bbox 197 1439 258 1486; x_wconf 89' lang='lat' dir='ltr'>In</span> <span class='ocrx_word' id='word_1_154' title='bbox 277 1439 480 1486; x_wconf 87' lang='lat' dir='ltr'>Homero</span> <span class='ocrx_word' id='word_1_155' title='bbox 505 1455 591 1484; x_wconf 86' lang='lat' dir='ltr'>nec</span> <span class='ocrx_word' id='word_1_156' title='bbox 615 1453 730 1495; x_wconf 80' lang='lat' dir='ltr'>vox,</span> <span class='ocrx_word' id='word_1_157' title='bbox 760 1453 851 1502; x_wconf 84' lang='lat' dir='ltr'>qua</span> <span class='ocrx_word' id='word_1_158' title='bbox 891 1434 1188 1481; x_wconf 85' lang='lat' dir='ltr'>simulacrum</span> <span class='ocrx_word' id='word_1_159' title='bbox 1213 1434 1368 1499; x_wconf 88' lang='lat' dir='ltr'>ipsum</span> <span class='ocrx_word' id='word_1_160' title='bbox 1395 1435 1624 1498; x_wconf 82' lang='lat' dir='ltr'>significe-</span> 
     </span>
     <span class='ocr_line' id='line_1_21' title="bbox 196 1499 1621 1567; baseline -0.003 -16"><span class='ocrx_word' id='word_1_161' title='bbox 196 1512 305 1560; x_wconf 82' lang='lat' dir='ltr'>tur,</span> <span class='ocrx_word' id='word_1_162' title='bbox 349 1521 438 1552; x_wconf 83' lang='lat' dir='ltr'>nec</span> <span class='ocrx_word' id='word_1_163' title='bbox 470 1504 712 1560; x_wconf 86' lang='lat' dir='ltr'>materies,</span> <span class='ocrx_word' id='word_1_164' title='bbox 760 1520 851 1567; x_wconf 86' lang='lat' dir='ltr'>qua</span> <span class='ocrx_word' id='word_1_165' title='bbox 884 1500 1162 1547; x_wconf 85' lang='lat' dir='ltr'>fabricatum</span> <span class='ocrx_word' id='word_1_166' title='bbox 1197 1499 1338 1546; x_wconf 85' lang='lat' dir='ltr'>fuerit</span> <span class='ocrx_word' id='word_1_167' title='bbox 1358 1537 1369 1559; x_wconf 86' lang='lat'><strong>‚</strong></span> <span class='ocrx_word' id='word_1_168' title='bbox 1405 1500 1621 1547; x_wconf 79' lang='lat' dir='ltr'>distincte</span> 
     </span>
     <span class='ocr_line' id='line_1_22' title="bbox 201 1566 1622 1632; baseline -0.004 -16"><span class='ocrx_word' id='word_1_169' title='bbox 201 1569 460 1631; x_wconf 74' lang='lat' dir='ltr'>indicatur,</span> <span class='ocrx_word' id='word_1_170' title='bbox 505 1570 594 1616; x_wconf 84' lang='lat' dir='ltr'>nisi</span> <span class='ocrx_word' id='word_1_171' title='bbox 636 1568 742 1614; x_wconf 88' lang='lat' dir='ltr'>illuc</span> <span class='ocrx_word' id='word_1_172' title='bbox 782 1566 992 1632; x_wconf 81' lang='lat' dir='ltr'>generale</span> <span class='ocrx_word' id='word_1_173' title='bbox 1026 1568 1240 1628; x_wconf 70' lang='grc' dir='ltr'><strong><em>ἀγάλματες</em></strong></span> <span class='ocrx_word' id='word_1_174' title='bbox 1263 1576 1306 1599; x_wconf 84' lang='lat'>²2</span> <span class='ocrx_word' id='word_1_175' title='bbox 1349 1582 1522 1612; x_wconf 86' lang='lat' dir='ltr'>nomen</span> <span class='ocrx_word' id='word_1_176' title='bbox 1551 1583 1622 1612; x_wconf 90' lang='lat' dir='ltr'>re-</span> 
     </span>
     <span class='ocr_line' id='line_1_23' title="bbox 198 1628 1624 1701; baseline -0.005 -18"><span class='ocrx_word' id='word_1_177' title='bbox 198 1637 318 1684; x_wconf 84' lang='lat' dir='ltr'>feras</span> <span class='ocrx_word' id='word_1_178' title='bbox 337 1676 348 1694; x_wconf 81' lang='lat'>,</span> <span class='ocrx_word' id='word_1_179' title='bbox 384 1653 475 1701; x_wconf 88' lang='lat' dir='ltr'>quo</span> <span class='ocrx_word' id='word_1_180' title='bbox 510 1651 656 1699; x_wconf 87' lang='lat' dir='ltr'>quum</span> <span class='ocrx_word' id='word_1_181' title='bbox 688 1632 772 1679; x_wconf 80' lang='lat' dir='ltr'>Ille</span> <span class='ocrx_word' id='word_1_182' title='bbox 804 1639 1078 1678; x_wconf 85' lang='lat' dir='ltr'>ornamenta</span> <span class='ocrx_word' id='word_1_183' title='bbox 1114 1638 1160 1676; x_wconf 81' lang='lat' dir='ltr'>et</span> <span class='ocrx_word' id='word_1_184' title='bbox 1193 1628 1381 1676; x_wconf 87' lang='lat' dir='ltr'>donaria</span> <span class='ocrx_word' id='word_1_185' title='bbox 1413 1647 1624 1695; x_wconf 84' lang='lat' dir='ltr'>compre-</span> 
     </span>
     <span class='ocr_line' id='line_1_24' title="bbox 202 1693 1625 1765; baseline -0.003 -17"><span class='ocrx_word' id='word_1_186' title='bbox 202 1701 459 1760; x_wconf 79' lang='lat' dir='ltr'>henderit,</span> <span class='ocrx_word' id='word_1_187' title='bbox 506 1698 772 1765; x_wconf 84' lang='lat' dir='ltr'>posterioris</span> <span class='ocrx_word' id='word_1_188' title='bbox 826 1697 924 1744; x_wconf 87' lang='lat' dir='ltr'>aevi</span> <span class='ocrx_word' id='word_1_189' title='bbox 976 1696 1222 1760; x_wconf 79' lang='lat' dir='ltr'>scriptores</span> <span class='ocrx_word' id='word_1_190' title='bbox 1272 1693 1334 1741; x_wconf 87' lang='lat' dir='ltr'>ad</span> <span class='ocrx_word' id='word_1_191' title='bbox 1381 1695 1625 1744; x_wconf 86' lang='lat' dir='ltr'>simulacra</span> 
     </span>
     <span class='ocr_line' id='line_1_25' title="bbox 201 1761 1622 1834; baseline -0.004 -20"><span class='ocrx_word' id='word_1_192' title='bbox 201 1769 451 1834; x_wconf 84' lang='lat' dir='ltr'>praecipue</span> <span class='ocrx_word' id='word_1_193' title='bbox 477 1764 706 1829; x_wconf 86' lang='lat' dir='ltr'>sculptilia</span> <span class='ocrx_word' id='word_1_194' title='bbox 742 1763 1095 1810; x_wconf 83' lang='lat' dir='ltr'>restrinxerunt.</span> <span class='ocrx_word' id='word_1_195' title='bbox 1175 1761 1279 1818; x_wconf 89' lang='lat' dir='ltr'>Qua</span> <span class='ocrx_word' id='word_1_196' title='bbox 1325 1777 1432 1808; x_wconf 89' lang='lat' dir='ltr'>vero</span> <span class='ocrx_word' id='word_1_197' title='bbox 1466 1763 1622 1824; x_wconf 87' lang='lat' dir='ltr'>specie</span> 
     </span>
     <span class='ocr_line' id='line_1_26' title="bbox 200 1825 1622 1894; baseline -0.006 -12"><span class='ocrx_word' id='word_1_198' title='bbox 200 1835 397 1882; x_wconf 83' lang='lat' dir='ltr'>numina</span> <span class='ocrx_word' id='word_1_199' title='bbox 451 1850 531 1879; x_wconf 86' lang='lat' dir='ltr'>sua</span> <span class='ocrx_word' id='word_1_200' title='bbox 568 1830 777 1894; x_wconf 78' lang='lat' dir='ltr'>depinxit</span> <span class='ocrx_word' id='word_1_201' title='bbox 817 1829 1078 1885; x_wconf 85' lang='lat' dir='ltr'>Homerus,</span> <span class='ocrx_word' id='word_1_202' title='bbox 1129 1825 1294 1871; x_wconf 69' lang='lat' dir='ltr'>eadem</span> <span class='ocrx_word' id='word_1_203' title='bbox 1342 1829 1622 1890; x_wconf 81' lang='lat' dir='ltr'>posteriores</span> 
     </span>
     <span class='ocr_line' id='line_1_27' title="bbox 203 1890 1623 1948; baseline -0.006 0"><span class='ocrx_word' id='word_1_204' title='bbox 203 1901 413 1948; x_wconf 87' lang='lat' dir='ltr'>Deorum</span> <span class='ocrx_word' id='word_1_205' title='bbox 461 1895 703 1944; x_wconf 87' lang='lat' dir='ltr'>simulacra</span> <span class='ocrx_word' id='word_1_206' title='bbox 743 1893 1061 1941; x_wconf 80' lang='lat' dir='ltr'>efformarunt.</span> <span class='ocrx_word' id='word_1_207' title='bbox 1128 1890 1283 1938; x_wconf 87' lang='lat' dir='ltr'>Unius</span> <span class='ocrx_word' id='word_1_208' title='bbox 1313 1891 1520 1939; x_wconf 82' lang='lat' dir='ltr'>Athenes</span> <span class='ocrx_word' id='word_1_209' title='bbox 1554 1910 1623 1939; x_wconf 90' lang='lat' dir='ltr'>se-</span> 
     </span>
     <span class='ocr_line' id='line_1_28' title="bbox 205 1955 1624 2025; baseline -0.006 -13"><span class='ocrx_word' id='word_1_210' title='bbox 205 1966 358 2013; x_wconf 82' lang='lat' dir='ltr'>dentis</span> <span class='ocrx_word' id='word_1_211' title='bbox 393 1962 692 2012; x_wconf 88' lang='lat' dir='ltr'>simulacrum</span> <span class='ocrx_word' id='word_1_212' title='bbox 715 1961 767 2008; x_wconf 88' lang='lat' dir='ltr'>in</span> <span class='ocrx_word' id='word_1_213' title='bbox 796 1976 899 2007; x_wconf 88' lang='lat' dir='ltr'>arce</span> <span class='ocrx_word' id='word_1_214' title='bbox 933 1959 1139 2025; x_wconf 85' lang='lat' dir='ltr'>Trojana</span> <span class='ocrx_word' id='word_1_215' title='bbox 1167 1955 1386 2015; x_wconf 85' lang='lat' dir='ltr'>obvium,</span> <span class='ocrx_word' id='word_1_216' title='bbox 1426 1976 1451 2004; x_wconf 90' lang='lat' dir='ltr'>a</span> <span class='ocrx_word' id='word_1_217' title='bbox 1480 1959 1624 2005; x_wconf 65' lang='lat' dir='ltr'>Poeta</span> 
     </span>
     <span class='ocr_line' id='line_1_29' title="bbox 205 2022 1623 2092; baseline -0.006 -13"><span class='ocrx_word' id='word_1_218' title='bbox 205 2039 488 2079; x_wconf 84' lang='lat' dir='ltr'>memoratur</span> <span class='ocrx_word' id='word_1_219' title='bbox 506 2067 518 2090; x_wconf 88' lang='lat'>‚</span> <span class='ocrx_word' id='word_1_220' title='bbox 554 2031 686 2092; x_wconf 78' lang='lat' dir='ltr'>cujus</span> <span class='ocrx_word' id='word_1_221' title='bbox 736 2032 795 2074; x_wconf 72' lang='grc' dir='ltr'>ε’πὲ</span> <span class='ocrx_word' id='word_1_222' title='bbox 821 2031 990 2090; x_wconf 69' lang='grc' dir='ltr'><em>γεὺνασιν</em></span> <span class='ocrx_word' id='word_1_223' title='bbox 1022 2027 1157 2071; x_wconf 67' lang='grc' dir='ltr'>πέπλον</span> <span class='ocrx_word' id='word_1_224' title='bbox 1191 2028 1301 2070; x_wconf 77' lang='grc' dir='ltr'><em>θεῖναι</em></span> <span class='ocrx_word' id='word_1_225' title='bbox 1341 2022 1399 2070; x_wconf 83' lang='lat' dir='ltr'>ab</span> <span class='ocrx_word' id='word_1_226' title='bbox 1419 2024 1623 2071; x_wconf 78' lang='lat' dir='ltr'>Hectore</span> 
     </span>
    </p>

    <p class='ocr_par' dir='ltr' id='par_1_4' title="bbox 1564 2107 1634 2153">
     <span class='ocr_line' id='line_1_30' title="bbox 1564 2107 1634 2153; baseline 0 0"><span class='ocrx_word' id='word_1_227' title='bbox 1564 2107 1634 2153; x_wconf 76' lang='lat' dir='ltr'>lu·</span> 
     </span>
    </p>
   </div>
   <div class='ocr_carea' id='block_1_3' title="bbox 207 2217 1630 2711">
    <p class='ocr_par' dir='ltr' id='par_1_5' title="bbox 207 2217 1630 2711">
     <span class='ocr_line' id='line_1_31' title="bbox 255 2217 1628 2273; baseline -0.01 -10"><span class='ocrx_word' id='word_1_228' title='bbox 255 2228 291 2273; x_wconf 90' lang='lat'>1)</span> <span class='ocrx_word' id='word_1_229' title='bbox 317 2228 357 2264; x_wconf 92' lang='lat' dir='ltr'>Il.</span> <span class='ocrx_word' id='word_1_230' title='bbox 374 2227 512 2267; x_wconf 72' lang='lat' dir='ltr'>V1‚88.</span> <span class='ocrx_word' id='word_1_231' title='bbox 558 2225 647 2260; x_wconf 85' lang='lat' dir='ltr'>Item</span> <span class='ocrx_word' id='word_1_232' title='bbox 668 2222 811 2259; x_wconf 82' lang='lat' dir='ltr'>Athenis</span> <span class='ocrx_word' id='word_1_233' title='bbox 835 2221 877 2258; x_wconf 88' lang='lat' dir='ltr'>Il.</span> <span class='ocrx_word' id='word_1_234' title='bbox 900 2220 1050 2267; x_wconf 74' lang='lat'>11‚549.</span> <span class='ocrx_word' id='word_1_235' title='bbox 1131 2218 1170 2263; x_wconf 85' lang='lat'>2)</span> <span class='ocrx_word' id='word_1_236' title='bbox 1195 2218 1238 2253; x_wconf 75' lang='lat'>11·</span> <span class='ocrx_word' id='word_1_237' title='bbox 1265 2218 1319 2260; x_wconf 86' lang='lat' dir='ltr'>V,</span> <span class='ocrx_word' id='word_1_238' title='bbox 1342 2217 1423 2253; x_wconf 84' lang='lat'>446.</span> <span class='ocrx_word' id='word_1_239' title='bbox 1502 2220 1540 2264; x_wconf 83' lang='grc'>5)</span> <span class='ocrx_word' id='word_1_240' title='bbox 1565 2218 1628 2253; x_wconf 87' lang='lat' dir='ltr'>In..</span> 
     </span>
     <span class='ocr_line' id='line_1_32' title="bbox 207 2273 1626 2329; baseline -0.007 -11"><span class='ocrx_word' id='word_1_241' title='bbox 207 2291 416 2329; x_wconf 77' lang='lat' dir='ltr'>terpretante</span> <span class='ocrx_word' id='word_1_242' title='bbox 437 2280 551 2316; x_wconf 80' lang='lat' dir='ltr'>Schol.</span> <span class='ocrx_word' id='word_1_243' title='bbox 575 2280 619 2316; x_wconf 87' lang='lat' dir='ltr'>D.</span> <span class='ocrx_word' id='word_1_244' title='bbox 655 2278 697 2312; x_wconf 88' lang='lat' dir='ltr'>ad</span> <span class='ocrx_word' id='word_1_245' title='bbox 730 2277 772 2313; x_wconf 92' lang='lat' dir='ltr'>Il.</span> <span class='ocrx_word' id='word_1_246' title='bbox 798 2276 851 2322; x_wconf 82' lang='lat' dir='ltr'>V,</span> <span class='ocrx_word' id='word_1_247' title='bbox 875 2278 952 2311; x_wconf 74' lang='lat'>443.</span> <span class='ocrx_word' id='word_1_248' title='bbox 999 2275 1039 2309; x_wconf 86' lang='lat' dir='ltr'>In</span> <span class='ocrx_word' id='word_1_249' title='bbox 1064 2274 1166 2319; x_wconf 73' lang='lat' dir='ltr'>adyto</span> <span class='ocrx_word' id='word_1_250' title='bbox 1199 2273 1259 2307; x_wconf 91' lang='lat' dir='ltr'>illo</span> <span class='ocrx_word' id='word_1_251' title='bbox 1280 2273 1414 2307; x_wconf 82' lang='lat' dir='ltr'>Aeneae</span> <span class='ocrx_word' id='word_1_252' title='bbox 1442 2274 1581 2308; x_wconf 82' lang='lat' dir='ltr'>vulnera</span> <span class='ocrx_word' id='word_1_253' title='bbox 1605 2286 1626 2308; x_wconf 82' lang='lat' dir='ltr'>a</span> 
     </span>
     <span class='ocr_line' id='line_1_33' title="bbox 209 2327 1626 2376; baseline -0.007 -3"><span class='ocrx_word' id='word_1_254' title='bbox 209 2339 342 2373; x_wconf 83' lang='lat' dir='ltr'>Latona</span> <span class='ocrx_word' id='word_1_255' title='bbox 377 2345 411 2371; x_wconf 84' lang='lat' dir='ltr'>et.</span> <span class='ocrx_word' id='word_1_256' title='bbox 440 2335 616 2369; x_wconf 77' lang='lat' dir='ltr'>Artemide</span> <span class='ocrx_word' id='word_1_257' title='bbox 641 2340 818 2367; x_wconf 84' lang='lat' dir='ltr'>curantur.</span> <span class='ocrx_word' id='word_1_258' title='bbox 865 2331 991 2376; x_wconf 82' lang='lat' dir='ltr'>Forte,</span> <span class='ocrx_word' id='word_1_259' title='bbox 1025 2330 1139 2374; x_wconf 82' lang='lat' dir='ltr'>inquit</span> <span class='ocrx_word' id='word_1_260' title='bbox 1163 2328 1213 2362; x_wconf 87' lang='lat' dir='ltr'>CI.</span> <span class='ocrx_word' id='word_1_261' title='bbox 1237 2328 1345 2371; x_wconf 61' lang='lat' dir='ltr'>IIe5n.</span> <span class='ocrx_word' id='word_1_262' title='bbox 1371 2327 1412 2361; x_wconf 80' lang='lat' dir='ltr'>ad</span> <span class='ocrx_word' id='word_1_263' title='bbox 1438 2328 1460 2364; x_wconf 89' lang='lat' dir='ltr'>l.</span> <span class='ocrx_word' id='word_1_264' title='bbox 1489 2328 1536 2367; x_wconf 87' lang='lat' dir='ltr'>l.,</span> <span class='ocrx_word' id='word_1_265' title='bbox 1561 2329 1626 2363; x_wconf 76' lang='lat' dir='ltr'>hae</span> 
     </span>
     <span class='ocr_line' id='line_1_34' title="bbox 210 2382 1629 2433; baseline -0.008 -4"><span class='ocrx_word' id='word_1_266' title='bbox 210 2395 292 2429; x_wconf 88' lang='lat' dir='ltr'>deae</span> <span class='ocrx_word' id='word_1_267' title='bbox 321 2393 414 2426; x_wconf 84' lang='lat' dir='ltr'>suere</span> <span class='ocrx_word' id='word_1_268' title='bbox 436 2392 617 2433; x_wconf 63' lang='lat' dir='ltr'>aivvaaot,</span> <span class='ocrx_word' id='word_1_269' title='bbox 652 2387 770 2421; x_wconf 85' lang='lat' dir='ltr'>eodem</span> <span class='ocrx_word' id='word_1_270' title='bbox 793 2386 828 2419; x_wconf 91' lang='lat' dir='ltr'>in</span> <span class='ocrx_word' id='word_1_271' title='bbox 853 2385 979 2429; x_wconf 87' lang='lat' dir='ltr'>templo</span> <span class='ocrx_word' id='word_1_272' title='bbox 1009 2396 1075 2418; x_wconf 87' lang='lat' dir='ltr'>una</span> <span class='ocrx_word' id='word_1_273' title='bbox 1106 2396 1182 2417; x_wconf 86' lang='lat' dir='ltr'>cum</span> <span class='ocrx_word' id='word_1_274' title='bbox 1214 2383 1371 2427; x_wconf 79' lang='lat' dir='ltr'>Apolline</span> <span class='ocrx_word' id='word_1_275' title='bbox 1403 2382 1468 2416; x_wconf 82' lang='lat' dir='ltr'>coli</span> <span class='ocrx_word' id='word_1_276' title='bbox 1492 2384 1629 2421; x_wconf 82' lang='lat' dir='ltr'>solitae.</span> 
     </span>
     <span class='ocr_line' id='line_1_35' title="bbox 209 2436 1629 2492; baseline -0.008 -8"><span class='ocrx_word' id='word_1_277' title='bbox 209 2449 250 2492; x_wconf 84' lang='lat'>4)</span> <span class='ocrx_word' id='word_1_278' title='bbox 277 2447 357 2483; x_wconf 74' lang='lat' dir='ltr'>vid.</span> <span class='ocrx_word' id='word_1_279' title='bbox 383 2459 412 2482; x_wconf 88' lang='lat' dir='ltr'>e.</span> <span class='ocrx_word' id='word_1_280' title='bbox 437 2459 468 2490; x_wconf 78' lang='lat' dir='ltr'>g.</span> <span class='ocrx_word' id='word_1_281' title='bbox 492 2445 535 2480; x_wconf 87' lang='lat' dir='ltr'>Il.</span> <span class='ocrx_word' id='word_1_282' title='bbox 562 2443 616 2485; x_wconf 78' lang='lat' dir='ltr'>V,</span> <span class='ocrx_word' id='word_1_283' title='bbox 640 2445 719 2478; x_wconf 81' lang='lat'><strong>512.</strong></span> <span class='ocrx_word' id='word_1_284' title='bbox 825 2439 863 2482; x_wconf 84' lang='lat'>5)</span> <span class='ocrx_word' id='word_1_285' title='bbox 890 2438 971 2474; x_wconf 57' lang='lat' dir='ltr'>vid.</span> <span class='ocrx_word' id='word_1_286' title='bbox 997 2451 1027 2475; x_wconf 87' lang='lat' dir='ltr'>e.</span> <span class='ocrx_word' id='word_1_287' title='bbox 1048 2451 1077 2483; x_wconf 76' lang='lat' dir='ltr'>g.</span> <span class='ocrx_word' id='word_1_288' title='bbox 1102 2438 1144 2473; x_wconf 88' lang='lat' dir='ltr'>Il.</span> <span class='ocrx_word' id='word_1_289' title='bbox 1169 2436 1238 2480; x_wconf 65' lang='lat' dir='ltr'>VI,</span> <span class='ocrx_word' id='word_1_290' title='bbox 1263 2439 1319 2482; x_wconf 75' lang='lat'>89.</span> <span class='ocrx_word' id='word_1_291' title='bbox 1412 2437 1449 2480; x_wconf 78' lang='lat'>6)</span> <span class='ocrx_word' id='word_1_292' title='bbox 1476 2437 1527 2471; x_wconf 80' lang='lat' dir='ltr'>De</span> <span class='ocrx_word' id='word_1_293' title='bbox 1547 2439 1629 2482; x_wconf 84' lang='lat' dir='ltr'>qui-</span> 
     </span>
     <span class='ocr_line' id='line_1_36' title="bbox 210 2490 1629 2541; baseline -0.008 -4"><span class='ocrx_word' id='word_1_294' title='bbox 210 2504 273 2538; x_wconf 80' lang='lat' dir='ltr'>bus</span> <span class='ocrx_word' id='word_1_295' title='bbox 295 2502 364 2537; x_wconf 90' lang='lat' dir='ltr'>vid.</span> <span class='ocrx_word' id='word_1_296' title='bbox 390 2500 483 2535; x_wconf 84' lang='lat' dir='ltr'>infra</span> <span class='ocrx_word' id='word_1_297' title='bbox 505 2500 545 2536; x_wconf 87' lang='lat' dir='ltr'>L.</span> <span class='ocrx_word' id='word_1_298' title='bbox 568 2498 632 2534; x_wconf 91' lang='lat' dir='ltr'><strong>III.</strong></span> <span class='ocrx_word' id='word_1_299' title='bbox 657 2511 687 2534; x_wconf 86' lang='lat' dir='ltr'>e.</span> <span class='ocrx_word' id='word_1_300' title='bbox 710 2509 764 2532; x_wconf 87' lang='lat'>11.</span> <span class='ocrx_word' id='word_1_301' title='bbox 791 2497 821 2541; x_wconf 75' lang='lat'>§-</span> <span class='ocrx_word' id='word_1_302' title='bbox 841 2507 872 2530; x_wconf 85' lang='lat'>2.</span> <span class='ocrx_word' id='word_1_303' title='bbox 995 2493 1031 2540; x_wconf 89' lang='lat'>7)</span> <span class='ocrx_word' id='word_1_304' title='bbox 1058 2492 1200 2527; x_wconf 79' lang='lat' dir='ltr'>Efficere</span> <span class='ocrx_word' id='word_1_305' title='bbox 1224 2490 1309 2525; x_wconf 86' lang='lat' dir='ltr'>illud</span> <span class='ocrx_word' id='word_1_306' title='bbox 1333 2491 1415 2526; x_wconf 85' lang='lat' dir='ltr'>licet</span> <span class='ocrx_word' id='word_1_307' title='bbox 1437 2504 1476 2525; x_wconf 85' lang='lat' dir='ltr'>ex</span> <span class='ocrx_word' id='word_1_308' title='bbox 1500 2491 1540 2527; x_wconf 92' lang='lat' dir='ltr'>Il.</span> <span class='ocrx_word' id='word_1_309' title='bbox 1561 2493 1629 2536; x_wconf 79' lang='lat' dir='ltr'>lx,</span> 
     </span>
     <span class='ocr_line' id='line_1_37' title="bbox 213 2545 1628 2602; baseline -0.006 -10"><span class='ocrx_word' id='word_1_310' title='bbox 213 2559 282 2592; x_wconf 72' lang='lat'>404</span> <span class='ocrx_word' id='word_1_311' title='bbox 305 2569 375 2602; x_wconf 85' lang='lat' dir='ltr'>seq.</span> <span class='ocrx_word' id='word_1_312' title='bbox 498 2553 536 2598; x_wconf 86' lang='grc'>8)</span> <span class='ocrx_word' id='word_1_313' title='bbox 563 2553 603 2588; x_wconf 83' lang='grc' dir='ltr'>ΙΙ.</span> <span class='ocrx_word' id='word_1_314' title='bbox 629 2552 663 2586; x_wconf 91' lang='lat' dir='ltr'>ll</span> <span class='ocrx_word' id='word_1_315' title='bbox 679 2581 688 2596; x_wconf 85' lang='lat'>,</span> <span class='ocrx_word' id='word_1_316' title='bbox 711 2553 789 2596; x_wconf 64' lang='lat'><strong>5310.</strong></span> <span class='ocrx_word' id='word_1_317' title='bbox 897 2547 934 2595; x_wconf 82' lang='lat'>9)</span> <span class='ocrx_word' id='word_1_318' title='bbox 960 2547 1002 2584; x_wconf 87' lang='lat' dir='ltr'>Il.</span> <span class='ocrx_word' id='word_1_319' title='bbox 1028 2546 1099 2591; x_wconf 76' lang='lat' dir='ltr'>VI,</span> <span class='ocrx_word' id='word_1_320' title='bbox 1122 2549 1175 2583; x_wconf 80' lang='lat'>88.</span> <span class='ocrx_word' id='word_1_321' title='bbox 1278 2545 1337 2589; x_wconf 88' lang='lat'>10)</span> <span class='ocrx_word' id='word_1_322' title='bbox 1363 2546 1427 2580; x_wconf 85' lang='lat' dir='ltr'>Od.</span> <span class='ocrx_word' id='word_1_323' title='bbox 1452 2546 1500 2580; x_wconf 88' lang='lat' dir='ltr'>VI</span> <span class='ocrx_word' id='word_1_324' title='bbox 1517 2575 1526 2591; x_wconf 87' lang='lat'>,</span> <span class='ocrx_word' id='word_1_325' title='bbox 1551 2551 1628 2584; x_wconf 78' lang='lat'><strong>266.</strong></span> 
     </span>
     <span class='ocr_line' id='line_1_38' title="bbox 218 2599 1630 2655; baseline -0.008 -10"><span class='ocrx_word' id='word_1_326' title='bbox 218 2611 276 2654; x_wconf 78' lang='grc' dir='ltr'>ιι)</span> <span class='ocrx_word' id='word_1_327' title='bbox 303 2610 343 2646; x_wconf 88' lang='grc' dir='ltr'>ΙΙ.</span> <span class='ocrx_word' id='word_1_328' title='bbox 367 2610 513 2655; x_wconf 81' lang='grc' dir='ltr'>ΙΧ,4ο5</span> <span class='ocrx_word' id='word_1_329' title='bbox 537 2615 572 2643; x_wconf 87' lang='lat' dir='ltr'>et</span> <span class='ocrx_word' id='word_1_330' title='bbox 593 2607 657 2641; x_wconf 89' lang='lat' dir='ltr'>Od.</span> <span class='ocrx_word' id='word_1_331' title='bbox 673 2604 778 2651; x_wconf 65' lang='lat' dir='ltr'>vm,</span> <span class='ocrx_word' id='word_1_332' title='bbox 794 2616 849 2651; x_wconf 85' lang='lat'>79.</span> <span class='ocrx_word' id='word_1_333' title='bbox 977 2601 1035 2649; x_wconf 71' lang='grc' dir='ltr'>η)</span> <span class='ocrx_word' id='word_1_334' title='bbox 1060 2601 1112 2637; x_wconf 82' lang='lat' dir='ltr'>De</span> <span class='ocrx_word' id='word_1_335' title='bbox 1135 2613 1165 2639; x_wconf 83' lang='lat' dir='ltr'>v.</span> <span class='ocrx_word' id='word_1_336' title='bbox 1190 2600 1338 2645; x_wconf 74' lang='grc' dir='ltr'><strong><em>ἄγαλμα</em></strong></span> <span class='ocrx_word' id='word_1_337' title='bbox 1367 2599 1438 2638; x_wconf 82' lang='lat' dir='ltr'>vid.</span> <span class='ocrx_word' id='word_1_338' title='bbox 1463 2600 1630 2635; x_wconf 84' lang='lat' dir='ltr'>Heinrich</span> 
     </span>
     <span class='ocr_line' id='line_1_39' title="bbox 214 2665 675 2711; baseline -0.004 -12"><span class='ocrx_word' id='word_1_339' title='bbox 214 2665 257 2699; x_wconf 82' lang='lat' dir='ltr'>ad</span> <span class='ocrx_word' id='word_1_340' title='bbox 281 2665 460 2700; x_wconf 84' lang='lat' dir='ltr'>Musaeum</span> <span class='ocrx_word' id='word_1_341' title='bbox 484 2677 518 2711; x_wconf 84' lang='lat' dir='ltr'>p.</span> <span class='ocrx_word' id='word_1_342' title='bbox 540 2665 578 2700; x_wconf 84' lang='lat'>41</span> <span class='ocrx_word' id='word_1_343' title='bbox 606 2674 675 2707; x_wconf 77' lang='lat' dir='ltr'>seq.</span> 
     </span>
    </p>
   </div>
  </div>
 </body>
</html>
