1780 3120
621 128 1198 204 HoMEMcA.
1532 154 1624 204 155

205 287 373 348 verba,
406 284 578 353 quibus
622 304 732 335 cum
760 284 859 334 aliis
901 280 1066 344 rebuS‚
1106 291 1207 331 tum
1241 286 1279 330 ἐν
1313 285 1413 334 ὃαίτι
1433 299 1541 333 eum
1570 302 1619 334 se

205 356 453 406 honorasse
483 354 708 417 significat
731 362 769 404 ².

270 423 311 485 §.
331 420 376 467 3.
429 420 708 468 Sedentibus
725 414 933 468 convivis
952 413 1116 462 ancilla
1139 411 1199 461 ad
1214 430 1376 462 manus
1395 415 1616 465 lavandas

202 503 368 552 aquam
405 485 673 533 affundebat
698 504 754 534 ex
781 492 909 549 gutto
945 499 1085 547 super
1113 479 1289 540 lebete,
1324 491 1376 528 ut
1402 483 1614 531 Athenae

331 554 503 615 Χέρνιβα
540 588 552 600 .
589 587 602 600 .
636 557 838 618 ἀμφίπολες
867 569 1015 612 πρεχεῳ
1043 554 1192 609 ἐπέχευε
1216 556 1375 612 <peponem

329 621 447 680 Καλῇ
464 655 475 676 ,
510 628 667 683 χρυσείῃ
690 657 703 680 ,
736 622 830 682 ὑπὲρ
863 623 1049 680 ἀργυρέῡιο
1076 616 1232 672 λέβητος

327 687 529 745 ’.Νιψασθαι
551 695 590 733 2.

196 744 450 795 Diomedes
495 757 631 814 atque
671 749 864 814 Ulysses
904 764 930 793 a
970 740 1259 810 speculando
1286 741 1480 793 reduces
1515 745 1616 812 pri-

193 828 326 859 mum
351 831 466 878 aqua
484 816 661 861 marina
686 832 734 862 se
763 813 1003 870 reficiunt,
1039 819 1140 857 tum
1173 815 1208 863 ές
1230 816 1453 870 ἀσαμίνθους
1483 816 1620 870 βαντες

192 881 369 932 έῦξέστας
412 896 557 944 aquae
597 882 804 929 marinae
847 875 1007 926 sordes
1037 885 1084 923 et
1127 892 1344 940 spumam
1386 876 1613 942 abluunt,

193 940 397 1008 denique

324 1044 337 1056 .
376 1047 386 1059 .
423 1045 436 1058 .
475 1046 487 1058 .
524 1014 786 1073 λοεσσαμένω,
820 1016 884 1059 καῖ
909 1012 1148 1072 ἀλειψαμένω
1174 1005 1252 1055 λίπ’
1273 1007 1416 1070 ε’λαιῲ,

323 1080 472 1138 Δείπνῳ
504 1078 714 1140 ἐφιζανέτην
737 1077 776 1124 3.

252 1137 290 1202 ξ.
327 1142 375 1200 4.
443 1142 619 1205 Cuique
655 1142 763 1188 dein
805 1140 1023 1188 convivae
1061 1155 1222 1187 mensa
1257 1137 1615 1202 apponebatur,

187 1211 240 1249 ut
266 1206 377 1252 locis
400 1208 626 1272 superiori
652 1207 941 1271 paragrapho
963 1205 1160 1252 laudatis
1182 1202 1418 1268 subjunxit
1441 1206 1608 1254 Poeta:

319 1305 526 1320 .....
559 1281 664 1336 παρα
699 1275 737 1318 δὲ
763 1276 898 1326 ξεστὴν
913 1276 1095 1318 ε’ταῖννσσε
1117 1272 1308 1329 τράπεζαν
1329 1269 1367 1317 4.

187 1331 245 1379 de
299 1336 578 1401 singulisque
629 1337 781 1396 valet,
833 1335 963 1404 quod.
1012 1336 1073 1383 de
1120 1334 1290 1401 Ulysse
1324 1335 1375 1383 in
1408 1337 1607 1388 Eumaei

185 1403 370 1465 tugurio
395 1403 590 1449 traditur
615 1421 625 1449 ε
1183 1454 1186 1455 ⁷

315 1503 574 1516 ......
608 1475 626 1514 ὁ
647 1469 682 1513 δ’
705 1470 807 1521 ἐ”ςετο
830 1464 855 1530 ᾗ
891 1471 998 1530 παρὰ
1028 1471 1138 1529 μοίρῃ
1161 1466 1200 1516 5.

183 1530 444 1596 Oblongam
487 1534 681 1580 sormam
722 1549 908 1579 mensas
945 1532 1153 1578 retulisse
1186 1541 1429 1599 apparete
1456 1533 1604 1582 verbo

178 1604 348 1656 τανύειν,
398 1616 490 1663 quo
529 1598 590 1644 de
638 1614 800 1645 mensa
841 1596 1066 1663 ponenda
1099 1601 1272 1663 passim
1314 1599 1456 1646 utitur
1504 1601 1605 1648 Πο-

180 1679 352 1711 merus.
421 1668 492 1710 lta
525 1664 826 1722 Eustathius,
872 1666 1065 1728 ἐμφαίνει,
1103 1667 1287 1731 inquit,
1320 1674 1436 1727 μήπω
1467 1672 1602 1715 >wak-

177 1743 292 1792 τερεῗς
333 1727 423 1776 εἶναι
462 1737 541 1776 τότε
581 1733 769 1792 τράπεζας
796 1766 808 1787 ,
856 1734 958 1775 ἀλλὰ
1010 1740 1283 1793 τεταννσμένας
1326 1737 1376 1783 εἰς
1424 1744 1539 1794 μῆκος
1562 1734 1603 1782 6.

176 1795 382 1857 Ligneae
409 1795 502 1840 fere
527 1804 660 1842 erant
679 1832 691 1853 ,
727 1794 851 1843 varie
888 1803 1073 1841 ornatae
1097 1805 1118 1840 7
1160 1805 1208 1844 et
1233 1795 1430 1860 politae,
1471 1798 1599 1845 unde

179 1863 350 1922 τράπεζα
395 1862 534 1919 ξεστὴ,
584 1859 724 1918 ε’ῧζκς,
768 1864 865 1914 καλὴ
907 1859 1032 1905 dicta
1069 1869 1154 1908 est.
1220 1860 1430 1909 Pedibus
1471 1880 1601 1911 men-

175 1940 249 1969 sas
295 1924 503 1971 suffultas
551 1940 650 1971 esse
697 1933 909 1972 constat:
961 1933 1074 1991 quot
1110 1943 1219 1972 vero
1263 1926 1450 1973 innixae
1501 1928 1623 1978 fue-.

171 1991 266 2036 rint
313 1990 541 2038 affirmare
601 2007 699 2037 non
753 1991 917 2038 ausim.
1004 1987 1215 2040 Nestoris
1265 1995 1435 2058 τράπεζα
1486 1992 1595 2044 dici-

1516 2069 1600 2110 tur

219 2199 257 2243 1)
282 2199 363 2236 vid.
387 2200 428 2235 Il.
452 2200 526 2246 lv,
549 2203 615 2247 259
638 2214 732 2247 seqq.
822 2199 861 2246 2)
886 2202 951 2238 Od.
971 2201 1014 2247 I,
1039 2202 1103 2237 136
1119 2213 1213 2247 seqq.
1261 2202 1316 2237 Cf.
1336 2203 1411 2249 IV,
1434 2206 1477 2240 52
1499 2217 1595 2252 seqq.

177 2252 268 2298 VII,
296 2257 361 2301 175
380 2267 473 2303 seqq.
500 2256 624 2301 DII,
649 2269 689 2301 91
725 2267 819 2301 seqq.
867 2256 964 2297 Quae
988 2255 1052 2292 Od.
1071 2256 1088 2290 l
1105 2284 1115 2301 ,
1142 2259 1218 2292 156.
1253 2259 1458 2298 ἀμφίπολος
1487 2270 1594 2305 pera-

169 2307 244 2352 git,
269 2308 392 2343 iisdem
426 2309 488 2345 od.
525 2312 564 2346 L.
587 2311 611 2347 l.
638 2323 685 2347 vs,
713 2313 789 2347 146.
824 2318 860 2345 et
883 2310 969 2345 vlu
986 2339 995 2356 ,
1020 2313 1063 2356 69
1091 2324 1183 2357 seqq.
1211 2315 1362 2357 κήρυκες
1381 2314 1594 2361 funguntur,

172 2374 256 2407 quos
283 2375 397 2398 secum
431 2364 601 2398 duxerunt
632 2366 753 2412 proci,
778 2373 817 2399 ut
842 2374 977 2400 constat
1004 2378 1043 2400 ex
1077 2366 1141 2403 Od.
1175 2366 1254 2401 XVI
1273 2396 1282 2411 ,
1315 2370 1382 2403 248
1407 2381 1500 2415 seqq.
1533 2368 1591 2405 cll.

168 2415 254 2462 XV,
278 2420 342 2452 330
363 2431 456 2465 seqq.
552 2420 589 2462 3)
616 2420 658 2456 11.
682 2421 731 2465 X,
755 2422 822 2466 576
847 2433 919 2466 seq.
952 2420 1009 2455 cll.
1042 2433 1089 2456 vs.
1108 2433 1183 2466 sup.
1229 2420 1336 2455 Plura
1367 2422 1445 2455 vide
1483 2423 1519 2458 h.
1545 2423 1589 2460 L,

169 2482 198 2506 c.
225 2483 260 2516 9.
353 2473 391 2517 4)
417 2474 528 2508 Adeas
549 2474 614 2511 Od.
639 2475 676 2519 Ι,
702 2477 756 2510 56.
782 2474 872 2518 VII,
898 2477 975 2522 174.
999 2476 1044 2519 X,
1071 2477 1150 2512 554.
1174 2475 1273 2520 XIX,
1299 2479 1352 2512 61.
1377 2475 1496 2522 XXII,
1523 2479 1587 2524 74,

167 2527 224 2559 84.
272 2525 382 2561 Aliter
416 2529 569 2566 Nitzsch.
603 2529 646 2564 ad
670 2529 734 2565 od.
759 2528 797 2568 I,
824 2543 900 2565 111.
1008 2529 1047 2573 5)
1074 2530 1138 2563 Od.
1174 2530 1279 2571 xlv,
1302 2532 1381 2567 448.
1420 2532 1589 2577 Διιιτρὸν

166 2580 322 2616 πίνουσι.
348 2580 475 2628 11.1V,
496 2586 574 2619 262.
671 2583 709 2627 ὃ)
736 2583 847 2625 Quem
864 2583 933 2617 vid.
955 2583 997 2618 ad
1017 2583 1081 2617 Od.
1102 2583 1119 2618 Ῑ
1136 2612 1146 2629 ‚
1172 2586 1246 2620 158.
1272 2592 1307 2618 et
1330 2585 1381 2631 X,
1401 2586 1480 2630 570-
1529 2584 1584 2622 Cf.

162 2633 362 2670 Athenaeus
394 2638 435 2674 L.
458 2638 518 2674 XI.
554 2651 588 2683 p.
611 2640 691 2683 489.
717 2637 757 2674 C.
782 2645 818 2672 et
848 2638 999 2676 Nitzsch.
1023 2639 1066 2673 ad
1090 2639 1154 2675 Od.
1173 2638 1212 2686 1,
1238 2642 1316 2678 235.
1417 2639 1456 2686 7)
1482 2639 1582 2676 Unde

163 2687 278 2724 Circes
294 2702 428 2726 mensae
445 2691 629 2728 laudantur
649 2693 823 2740 ἀργυρέαν
846 2693 912 2731 Od.
934 2694 962 2728 X
975 2721 985 2739 ,
1007 2695 1078 2730 554
1099 2706 1172 2740 seq.
