1780 3120
198 162 317 229 ms
559 148 1237 221 ANTIQUITAS

194 293 353 356 χάλκεος
387 288 570 355 saepius
613 292 740 355 θώρηξ
762 299 810 349 ²,
859 299 907 339 et
957 291 1123 340 Graeci
1184 288 1275 356 ipsi
1326 290 1614 358 χαλκοθώρηκες

199 365 426 404 vocantur
447 368 483 402 2.
552 356 653 403 Nec
696 364 860 420 pectus
895 365 1110 416 tantum,
1163 356 1245 403 sed
1285 363 1465 421 tergum
1495 364 1612 423 quo-'

198 440 288 487 que
329 421 535 468 ambibat
574 422 761 478 thora-21,
799 435 917 486 quae
957 440 1091 469 causa
1135 422 1252 474 fuit.
1288 423 1412 486 quod
1447 423 1616 470 thorax

203 487 418 533 omnibus
456 488 661 535 numeris
708 486 945 534 absolutus
979 487 1149 552 duplex
1191 495 1236 532 et
1266 503 1403 534 cavus
1433 498 1553 535 esset
1576 488 1616 535 5.

199 553 261 600 In
312 562 510 617 utroque
554 561 710 598 autem
753 551 905 599 herois
944 553 1086 599 latere
1123 551 1309 598 laminis
1347 554 1423 601 Vel
1466 553 1623 601 fibulis

201 628 336 684 aptus
359 627 478 675 erat,
516 626 562 663 et
584 619 629 663 in
652 617 856 665 humeris
884 618 985 665 loro
1012 635 1093 664 seu
1123 634 1400 683 quocunque
1428 618 1620 665 tandem

201 683 391 733 vinculo
426 683 766 730 continebatur.
837 686 942 745 Quo
976 683 1167 750 quidem
1215 687 1363 745 γυάλων
1394 682 1452 729 ad
1479 683 1624 730 latera

204 767 331 799 nexu
369 749 537 807 fiebat,
585 758 638 795 ut
669 750 853 814 corpori
897 749 1060 796 thorax
1091 749 1287 796 firmiter
1327 748 1630 806 adhaereret,

207 833 300 864 nec
336 814 459 862 ullus
501 814 634 861 facile
679 813 809 861 locus
848 814 1090 861 hostilium
1125 812 1324 860 telorum
1352 814 1521 861 ictibus
1548 830 1629 877 pa-

208 889 347 929 teret.
396 883 499 939 Qua
524 889 653 946 parte
675 880 816 943 igitur
843 879 1122 945 aptabantur
1147 884 1269 942 γὺαλα
1288 915 1300 937 ,
1331 897 1410 925 ora
1436 896 1540 926 orae
1567 879 1632 926 ita

210 952 372 1015 juncta
411 953 534 1002 erat,
568 955 621 991 ut
661 943 861 1008 duplicis
903 945 1071 992 loricae
1101 946 1295 1007 figuram
1335 945 1532 991 referret
1558 950 1632 990 θώ-

214 1016 289 1078 ρηξ
310 1048 322 1070 ,
357 1028 498 1076 quem
527 1010 635 1057 inde
660 1011 802 1057 διπλόον
832 1008 891 1056 ab
930 1010 1140 1057 Homero
1173 1019 1499 1074 nuncupatum
1530 1008 1637 1072 legi·

214 1095 345 1136 muS,
382 1093 491 1125 cum
524 1078 798 1141 juncturae,
831 1092 974 1141 quam
1013 1073 1235 1134 dicimus,
1271 1074 1428 1121 locum
1467 1076 1534 1121 ita
1557 1091 1639 1121 no-

216 1152 363 1193 taret:

352 1243 365 1255 .
400 1241 416 1258 .
452 1242 465 1256 .
501 1241 514 1257 .
550 1241 562 1254 .
600 1244 613 1256 .
642 1209 700 1255 'dec
732 1208 796 1255 ὂιπ
812 1212 872 1262 ,ἔας
898 1205 1026 1262 ἤντετο
1055 1208 1181 1271 θώρηξ
1203 1204 1247 1257 4·

219 1276 292 1324 Ita
325 1283 479 1321 autem
516 1276 640 1334 γύαλα
675 1274 793 1320 facta
838 1289 938 1319 esse
978 1271 1224 1330 videntur,
1262 1278 1316 1319 ut
1355 1289 1436 1318 sua
1475 1272 1642 1338 cuique

219 1340 356 1389 heroi
384 1348 490 1404 apta
518 1337 713 1397 fuerint,
737 1357 826 1390 nec
845 1377 856 1397 ‚
881 1338 971 1385 nisi
996 1339 1112 1385 forte
1143 1339 1323 1385 fortuna
1344 1375 1355 1396 ‚
1393 1336 1510 1384 alter
1529 1339 1645 1386 alte-

224 1408 322 1454 rius
353 1405 542 1452 thorace
585 1421 752 1469 corpus
806 1405 990 1451 munire
1035 1413 1204 1468 posset.
1274 1401 1413 1462 Quod
1458 1406 1496 1450 si
1534 1422 1644 1451 casu

226 1474 363 1519 fieret
392 1508 404 1528 ‚
465 1469 862 1534 quemadmodum
911 1470 1069 1517 Paridi
1122 1470 1369 1533 contigisse
1424 1468 1649 1533 legimus,

230 1532 448 1602 tanquam
472 1553 644 1582 novum
678 1536 792 1602 quid
819 1544 865 1582 et
888 1536 1128 1582 fortuitum
1158 1537 1330 1583 Poetae
1359 1533 1648 1600 diligentiam

232 1619 525 1668 nequaquam
550 1603 679 1663 fugit.
747 1603 911 1666 Itaque
943 1601 1001 1646 de
1034 1601 1203 1648 Paride

367 1701 381 1716 0
416 1701 431 1716 .
466 1702 476 1714 .
514 1702 527 1714 .
547 1688 575 1713 ’.
612 1672 788 1730 θώρηκα,
822 1667 1004 1731 inquit,
1039 1672 1124 1729 περὶ
1150 1671 1349 1719 στήθεσσιν
1369 1667 1491 1714 {abusu

370 1735 443 1780 Oto
464 1741 693 1795 κασιγνήτοιο
719 1735 932 1785 Λυκάονος·
969 1735 1109 1796 ἥρμοσε
1133 1733 1173 1778 δ’
1191 1736 1318 1795 αὐτῷ·
1343 1733 1381 1782 5,

239 1801 475 1859 Quantum
507 1807 553 1844 et
577 1799 685 1844 artis
714 1806 760 1843 et
795 1796 994 1855 laboris,
1030 1814 1125 1844 non
1154 1796 1350 1845 Homeri
1388 1797 1495 1845 dico
1532 1806 1656 1844 aeta-

237 1875 284 1913 te
302 1903 315 1925 ,
350 1865 433 1910 sed
463 1873 510 1910 et
533 1873 639 1909 ante
662 1864 835 1909 Poetae
855 1872 1062 1927 tempora
1081 1900 1091 1919 ‚
1118 1863 1169 1909 in
1197 1863 1390 1911 thorace
1417 1862 1658 1910 elaboran-

239 1932 301 1978 do
328 1928 576 1995 aliquando
611 1930 976 1987 consumserint,
1011 1928 1084 1974 vel
1116 1945 1171 1974 ex
1192 1930 1329 1975 unius
1355 1931 1661 1991 Agamemno-

240 1997 316 2045 nis
348 1997 535 2042 thorace
565 1994 874 2057 intelligatur,
912 2011 1052 2058 quem
1090 1996 1239 2043 amico
1265 1996 1406 2061 Cypri
1443 2011 1549 2056 rex,
1585 1995 1661 2042 Ci-

243 2078 402 2127 nyras,
443 2062 695 2108 donaverat
723 2064 870 2115 {seuseu
897 2061 986 2107 εἶναι

1595 2129 1671 2173 Τοῦ

296 2268 334 2314 ι)
360 2267 403 2302 11.
429 2264 534 2310 XIII,
558 2268 620 2312 571
643 2278 712 2310 seq.
729 2294 739 2309 ,
764 2267 827 2313 597
850 2278 919 2311 seq.
951 2264 1084 2310 XXIII,
1107 2267 1175 2301 560
1188 2278 1259 2312 seq.
1304 2265 1499 2313 Epithetis,
1524 2266 1565 2300 ab
1589 2273 1667 2300 arte

253 2332 288 2360 et
305 2322 512 2371 splendore,
537 2320 661 2365 quibus
681 2322 826 2354 eximius
851 2328 927 2354 erat
951 2320 1093 2365 thorax,
1116 2321 1257 2366 petitis,
1284 2321 1412 2355 dicitur
1434 2321 1671 2353 πολυδαιδά-

252 2381 312 2417 λος
334 2379 377 2414 Il.
398 2376 473 2416 ῙῙῙ,
498 2377 576 2410 558.
603 2377 766 2407 ποίκιλο”
803 2374 845 2410 Il.
875 2375 977 2420 XVI,
1004 2378 1079 2411 155.
1116 2376 1300 2420 ἄστδρόεις
1331 2375 1374 2410 II.
1399 2377 1440 2411 L.
1462 2375 1487 2412 l.
1519 2388 1566 2409 vs.
1590 2377 1669 2412 155.

250 2434 485 2475 murramque
499 2430 611 2473 πυρὸς
633 2430 744 2472 αὐγῆς
768 2429 811 2466 Il.
826 2429 963 2468 XVIII,
988 2433 1052 2475 009
1075 2431 1218 2476 aliisque
1233 2453 1242 2469 ‚
1263 2443 1329 2475 quo
1346 2431 1500 2464 nonnulli
1515 2431 1674 2465 referunt

253 2487 487 2531 αἰολοθώρηξ
526 2483 569 2517 11.
602 2483 671 2527 IV,
696 2486 775 2528 [ὥς.
909 2484 947 2527 2)
974 2485 1054 2520 vid.
1092 2485 1194 2529 11.1,
1221 2486 1295 2529 571·
1341 2485 1411 2528 lv,
1443 2487 1523 2521 448.
1558 2485 1671 2530 VIII,

251 2547 308 2579 62.
334 2542 378 2576 al,
513 2539 551 2582 5)
578 2538 665 2571 Hine
691 2539 959 2582 κραταιγύαλος
994 2539 1039 2574 1¹..
1070 2539 1166 2582 XIX,
1199 2540 1279 2574 561.
1314 2539 1499 2581 γυάλοισιν
1535 2540 1673 2585 ἀρηρώς

254 2599 299 2633 Il.
321 2596 403 2639 XV,
427 2596 505 2630 530.
525 2601 590 2628 etc.
626 2592 720 2626 Alibi
743 2595 907 2638 ὒωρῄκος
930 2594 1065 2635 γύαλον
1089 2593 1294 2638 simpliciter
1315 2601 1366 2627 est
1383 2606 1498 2627 cavum
1525 2606 1551 2630 s.
1575 2594 1673 2628 cavi-

254 2661 306 2686 tas
340 2650 382 2686 Il.
408 2649 463 2695 V,
488 2661 553 2695 99,
579 2650 655 2694 289.
681 2647 726 2683 al.
854 2647 895 2690 4)
923 2648 960 2683 ΙΙ,
988 2647 1062 2689 lv,
1099 2650 1173 2683 155.
1211 2647 1251 2680 ad
1283 2659 1318 2692 q.
1353 2647 1377 2682 l.
1417 2648 1460 2684 cf.
1495 2648 1607 2693 Heyn.
1637 2655 1674 2681 et

255 2707 410 2751 Kbppen.
527 2703 567 2748 5)
592 2702 636 2740 11.
659 2701 733 2739 111.
759 2703 836 2738 532.
884 2702 938 2739 cf.
965 2702 1075 2748 Kispk.
1097 2704 1158 2748 Op.
1183 2702 1205 2737 l.
1230 2714 1263 2747 p.
1284 2713 1330 2736 m·
1351 2704 1408 2747 96.
