1780 3120
572 175 1142 235 HoMERIcA.
1466 158 1554 236 32'1

273 309 368 381 Ὑρῖς
404 318 539 384 (γὰρ)
572 316 629 366 ἐπ’
652 324 809 381 ἀγκῶνος
834 321 887 377 βῆ
911 326 1046 380 τείχεῦς
1075 314 1221 380 ἁζηλσῒο

279 389 491 449 ssat-40:122
513 423 524 442 ‚
558 389 637 447 'cpi-3,
659 383 696 432 δ’
718 390 825 430 αὑτὸν
854 385 1140 447 ἀπεστυφελιξεν
1161 382 1352 431 Ἀπόλλων
1367 421 1380 443 ,

278 448 454 512 Χεὶρεσσ’
487 456 690 512 ἀθανάτῃσι
716 455 863 514 φαεινὴν
886 452 1029 495 ἀσπίδα
1051 455 1210 496 νύσσων·

266 513 373 562 ’Au’
395 519 455 562 ἕτε
479 517 524 569 δὴ
552 519 591 560 τὸ
619 522 790 576 τέταρτον
819 521 996 561 ἐπέσσυτο
1022 536 1060 560 κ.
1088 535 1125 561 τ.
1149 516 1189 563 λ.
1216 524 1251 576 ¹,
1320 570 1327 574 ,

148 581 312 646 Itaque
366 579 534 627 Graeci
598 580 787 643 Troiam
841 588 1155 644 oppugnatam
1228 578 1362 627 facile
1406 578 1561 643 cepis·-

144 657 287 702 sent,
335 647 373 693 si
411 644 605 711 quidem
670 645 737 691 rei
791 644 1002 691 militaris
1051 644 1244 692 scientia
1285 645 1395 692 satis
1443 645 1559 690 fuis·-

151 720 254 758 ‘sent
286 711 513 757 instructi.
581 712 664 756 Ast
700 709 827 756 urbis
865 709 1150 756 obsidendae
1196 719 1342 757 artem
1381 711 1562 773 ignora-

149 782 285 833 ‘runt¹
329 793 416 822 nec
461 773 716 840 quhhpnnn
761 773 818 820 ab
851 775 1404 832 {huner01nenuffauuq
1438 773 1564 840 quod

151 858 206 887 eo
233 840 394 887 referri
417 841 575 904 possit.
641 839 714 886 Ne
743 839 881 902 igitur
913 838 970 885 de
1007 840 1248 887 obsidione
1286 841 1565 904 cogitemus,

152 906 334 971 'qualem
383 914 538 952 nostra
585 913 706 950 aetas
756 904 987 968 intelligit.
1069 906 1168 952 Nec
1221 907 1348 953 enim
1402 904 1569 952 urbem

152 972 368 1033 cingere,
415 980 502 1016 nec
542 979 801 1016 commeatu
845 979 1159 1034 oppugnatam
1225 969 1567 1028 intercludere,

153 1050 243 1083 nec
286 1035 512 1082 machinis
568 1034 724 1081 aliisve
783 1035 920 1081 rebus
962 1037 1020 1081 ad
1070 1035 1359 1083 deditionem
1401 1046 1566 1099 cogere

156 1109 394 1148 noverant.
475 1102 624 1160 Quam
671 1108 814 1146 artem
858 1100 896 1146 si
946 1100 1249 1159 calluissent,
1301 1101 1383 1167 qui
1432 1115 1573 1167 quae-

157 1181 207 1213 so
242 1168 290 1212 in
311 1183 401 1211 una
428 1182 572 1230 eaque
599 1182 738 1229 parva
769 1182 856 1212 nec
880 1168 987 1213 satis
1020 1166 1198 1212 munita
1232 1165 1347 1213 urbe
1378 1167 1570 1231 capien-

155 1233 216 1278 da
254 1231 419 1277 decem
454 1247 600 1276 annos
638 1231 1040 1278 consumsissent?
1089 1246 1227 1297 quam
1272 1232 1463 1297 quidem
1495 1247 1572 1277 ur-

154 1296 266 1343 bem
296 1295 483 1342 tandem
517 1313 611 1342 non
634 1296 681 1342 vi
706 1305 751 1342 et
777 1297 947 1342 virtute
985 1307 1310 1360 expugnarunt
1328 1335 1340 1355 ‚
1377 1296 1459 1343 sed
1485 1314 1571 1361 per

158 1362 368 1408 fraudem
395 1362 443 1407 in
473 1379 600 1408 suam
622 1369 896 1425 potestatem
926 1361 1204 1425 redegerunt
1227 1366 1263 1412 2'.
1313 1364 1430 1410 Suae
1446 1364 1575 1410 enim

158 1426 341 1474 urbium
377 1425 738 1473 obsidendarum
766 1428 973 1473 inscitiae
1013 1426 1157 1492 probe
1191 1430 1363 1478 conscii
1401 1429 1573 1477 Graeci

157 1493 278 1555 agris
320 1491 533 1556 Trojanis
571 1490 803 1538 vastandis
849 1501 894 1538 et
944 1492 1156 1556 plurimis
1190 1493 1387 1541 urbibus
1430 1498 1577 1558 eXpu-

158 1557 352 1620 gnandis
398 1558 599 1621 opimam
632 1557 852 1621 praedam
902 1557 1180 1620 colligebant
1201 1557 1250 1605 5:
1299 1566 1346 1606 et
1383 1559 1575 1627 Trojani

158 1622 380 1686 flagrante
402 1621 526 1667 bello
550 1640 702 1684 agros,
740 1624 788 1668 in
816 1623 958 1687 ipsius
987 1622 1114 1669 urbis
1142 1623 1318 1671 ambitu
1343 1628 1474 1686 sitos,
1503 1643 1581 1673 co·

158 1687 254 1736 lere
281 1688 482 1751 potuisse
509 1687 747 1745 videntur,
783 1688 819 1734 si
852 1697 1059 1734 veterum
1082 1688 1267 1736 urbium
1296 1700 1512 1739 naturam
1533 1699 1581 1738 et

158 1751 269 1799 belli
295 1751 486 1816 ger-endi
524 1769 701 1798 morem
741 1753 994 1815 cogitemus
1017 1753 1054 1800 4.
1123 1754 1292 1802 Primis
1320 1757 1432 1806 belli
1460 1767 1581 1805 tem-

162 1817 357 1883 poribus
390 1818 534 1863 muris
566 1817 767 1863 inclusos
793 1834 841 1863 se
878 1825 1129 1865 tenuerunt
1169 1820 1390 1883 Trojani3
1427 1840 1576 1888 quum

162 1892 316 1929 autem
334 1883 693 1945 Agamemnonis
723 1900 829 1928 cum
856 1882 1040 1930 Achille
1071 1889 1419 1936 contentionem
1439 1891 1578 1956 atque

165 1948 306 2012 hujus
362 1947 420 1993 ab
469 1948 607 1994 armis
653 1948 978 1995 discessionem
1031 1951 1367 2015 rescivissent,
1417 1966 1576 2020 portas

165 2013 335 2077 egressi
373 2011 578 2078 quotidie
607 2012 701 2059 fere
740 2030 794 2060 ex
823 2013 967 2072 urbe,
1003 2023 1055 2061 ut
1093 2016 1262 2064 Graeci
1299 2035 1355 2066 ex
1390 2024 1578 2085 castris,

165 2094 385 2126 excursus
403 2078 617 2124 fecerunt
634 2117 645 2137 ,
684 2078 808 2125 unde
828 2079 994 2125 leviora
1018 2081 1238 2128 continuo
1263 2086 1438 2149 proelia
1456 2089 1581 2135 orie-

164 2143 362 2192 bantur:
399 2143 645 2208 aliquando
676 2152 832 2190 tamen
855 2145 1005 2191 acrius
1035 2147 1189 2194 hostes
1224 2154 1420 2213 aggressi
1441 2163 1578 2216 sunt,

163 2218 217 2256 ut
245 2209 444 2255 Hectore
491 2207 612 2256 duce
665 2209 947 2256 Achivorum
986 2227 1123 2259 naves
1164 2214 1386 2264 incendio
1424 2217 1578 2268 delere

165 2284 212 2321 et
240 2283 384 2320 castra
417 2274 700 2339 perfringere
743 2284 1052 2326 conarentur:
1092 2288 1199 2342 post
1234 2283 1358 2329 varia
1391 2284 1581 2333 tandem

165 2338 433 2387 discrimina
470 2339 678 2387 Patroclo
735 2342 884 2388 occiso
924 2342 984 2388 ad
1018 2361 1224 2408 pugnam
1267 2347 1388 2394 redit
1423 2350 1582 2398 Achil-1

1490 2415 1586 2480 les,

218 2559 255 2610 ᾗ)
280 2563 322 2600 11.
349 2562 451 2612 xv1‚
474 2574 542 2612 702
562 2564 656 2613 seqq.
799 2562 838 2612 ὰ)
865 2563 947 2603 vid.
972 2557 1035 2606 od.
1058 2562 1131 2615 Ν,
1155 2581 1239 2615 2722.⁴
1366 2570 1406 2615 5)
1431 2557 1511 2609 vid.
1535 2572 1582 2613 n.

199 2618 249 2668 IX
262 2647 271 2663 ‚
296 2622 363 2655 246
382 2634 475 2668 seqq.
592 2622 631 2668 4)
657 2620 726 2656 Nee
745 2629 860 2658 tamen
879 2619 946 2659 huc
972 2624 1073 2661 facile
1096 2624 1300 2670 retulerim,
1321 2636 1408 2671 quae
1424 2626 1586 2673 leguntur

170 2674 214 2711 11.
235 2657 310 2709 XXi
323 2705 332 2720 ,
356 2677 422 2712 602
442 2680 513 2723 seq.

1208 2733 1237 2768 X
