1780 3120
179 144 246 207 84
548 137 1229 202 ANT1QU1TAS

469 307 481 319 .
515 276 574 320 ἐπὶ
602 276 731 341 δόρπον
761 277 858 336 ἀνὴρ
890 277 1067 337 ἀγορῆθεν
1090 281 1226 331 ἀνέστη
1245 311 1258 334 ,

203 395 205 399 ¹
317 341 466 399 Κρίνων
489 344 610 384 νείκεα
634 341 750 382 πολλὰ
770 339 1013 399 δικαζομένων
1046 345 1182 394 αἰζηῶν
1206 352 1241 388 ².

187 400 380 470 Iniquos
411 401 592 467 judices
621 410 786 448 notans
811 402 945 461 Idem

324 473 403 526 Οἳ,
437 469 615 532 inquit,
652 470 718 527 βίῃ
750 472 800 512 εἶν
823 471 938 529 ἀγορῇ
977 470 1123 521 σκολιὰς
1153 475 1303 531 κρίνωσι
1334 473 1506 530 θέμιστας
1530 483 1565 515 2.

193 530 293 593 Qua
321 532 378 578 de
403 550 537 579 causa
572 529 736 577 eodem
763 532 888 595 apud
918 549 1054 577 naves
1084 532 1183 578 loco
1217 533 1433 580 dicuntur
1462 536 1601 582 Achi-

192 600 264 647 vis
293 598 430 644 fuisse
459 605 574 659 ἀγορή
607 616 646 643 τε
689 601 789 657 θέμις
814 617 852 643 τε
876 597 912 643 3.
981 598 1037 643 ln
1064 597 1220 643 medio
1249 598 1345 644 foro
1381 616 1405 644 a
1437 593 1602 645 ceteris

196 663 394 730 sejuncti
426 661 650 708 sedebant
679 661 855 725 judices
881 662 930 707 in
958 660 1132 709 circulo
1150 701 1161 720 ,
1197 667 1248 710 ε’νί
1281 666 1403 723 κύκλῳ
1422 699 1433 720 ,
1469 680 1605 727 quem

199 734 290 791 ἱερὸν
319 727 437 774 dixit
455 728 684 774 Homerus
707 727 753 784 4,
796 736 1040 790 augustuni
1074 738 1120 774 et
1138 727 1456 775 venerabilem
1486 735 1609 790 γερόν-

198 813 270 840 των
303 809 595 847 consessum,
633 792 711 857 qui
749 793 840 856 ipsi
871 798 980 856 ἱεροί,
1019 794 1201 852 eximii,
1239 792 1519 839 venerabiles
1561 797 1612 838 ut

197 867 357 917 erant,
390 859 453 904 ita
483 856 776 904 habebantur
798 857 836 907 5.
899 856 1118 922 Lapideis
1150 858 1416 904 insidebant
1454 855 1612 903 sedili-

202 923 292 972 bus
308 961 319 980 ,
354 929 413 970 ἐπὶ
434 926 591 978 ξεστοῖσι
618 926 724 977 λίθοις
740 960 753 981 ,
789 940 813 967 a
842 940 1070 988 praecone
1091 920 1311 970 traditum
1343 932 1579 986 sceptrum
1598 958 1610 978 ,

200 987 417 1054 publicae
442 988 726 1035 auctoritatis
744 987 949 1050 insigne,
970 989 1186 1035 manibus
1210 989 1420 1035 tenentes
1443 988 1480 1036 6.
1541 987 1614 1035 De

205 1071 298 1119 quo
320 1055 493 1119 sceptri
519 1070 606 1100 usu
638 1052 846 1100 Pelides:

489 1156 502 1168 .
536 1128 597 1166 νῦν
619 1117 707 1165 αὖτέ
729 1138 793 1180 μιν
824 1119 894 1173 υἷες
920 1117 1094 1181 Ἀχαίων

334 1185 401 1231 Ἑν
424 1188 603 1246 παλάμῃς
638 1192 803 1248 φορέουσι
834 1185 1046 1230 δικασπόλοι
1067 1195 1104 1231 7.

207 1257 257 1297 et
284 1249 343 1298 de
375 1248 610 1313 judicibus
649 1250 701 1295 in
731 1246 924 1296 Achillis
953 1248 1120 1314 clypeo
1150 1248 1312 1295 effictis
1340 1249 1508 1295 Po'e'ta:

338 1319 521 1377 Σκῆπτρα
547 1318 586 1362 δὲ
610 1320 778 1377 κηρύκων
799 1320 835 1359 ἐν
860 1316 968 1376 χέρς’
995 1316 1080 1377 ἕχον
1108 1320 1318 1378 ἠεροφώνων
1340 1311 1377 1360 3.

273 1379 312 1444 ξ.
351 1396 393 1426 2.
460 1380 518 1425 In
544 1378 702 1438 medio
735 1396 951 1426 consessu
991 1380 1179 1425 aderant
1219 1380 1475 1442 litigantes,
1509 1397 1623 1445 quos

211 1445 485 1492 circumfusa
510 1444 722 1508 cingebat
758 1444 919 1509 populi
948 1461 1145 1500 corona,
1184 1445 1478 1492 acclamando
1515 1464 1625 1491 cum

213 1512 377 1558 favoris
411 1518 511 1556 tum
546 1509 747 1556 invidiae
776 1508 1055 1556 documenta
1085 1509 1292 1569 edentis,
1327 1511 1389 1556 ita
1419 1520 1472 1557 ut
1498 1509 1627 1557 haud

212 1594 316 1623 raro
347 1593 426 1621 sua
458 1591 708 1639 praecones
741 1576 1010 1621 auctoritate
1048 1575 1391 1621 intercederent
1424 1594 1514 1639 quo
1555 1586 1626 1621 tu-

216 1641 545 1689 multuantium
556 1639 758 1685 convicia
778 1640 1102 1702 reprimerent.
1136 1639 1363 1703 Exemplo
1381 1641 1490 1696 sint,
1511 1656 1627 1704 quae

219 1707 276 1753 de
311 1704 625 1769 litigantibus,
665 1703 715 1749 in
758 1703 942 1750 Achillis
977 1705 1136 1767 clypeo
1166 1705 1281 1749 mira
1315 1713 1411 1750 arte
1442 1706 1502 1752 ab
1532 1707 1630 1753 He·-

218 1773 410 1837 phaesto
448 1769 724 1826 elaboratis,
760 1769 931 1815 cecinit
966 1769 1226 1815 Homerus:

337 1836 486 1900 ’Ἄμφω
521 1837 557 1882 δ’
584 1841 706 1888 ἱέσθην
735 1839 792 1881 ε’πί
815 1840 934 1895 ἴστορι
964 1847 1099 1897 πεῖραρ
1127 1837 1288 1881 ἑλέσθαι.

360 1904 460 1948 Λαοί
483 1902 516 1948 δ’
536 1907 791 1964 ἀμφοτέροισιν
820 1905 1001 1957 ἐπήπυον,
1037 1904 1153 1962 ἀμφὶς
1176 1905 1341 1961 ἀρωγοί)

360 1970 535 2030 Κήρυκες
561 1964 596 2013 δ’
622 1968 701 2026 ἄρα
724 1968 810 2010 λαὲν
829 1969 975 2025 ἐρήτυον
998 1974 1018 2009 9
1034 1980 1044 1991 ·

228 2033 424 2081 Causam
453 2030 660 2078 dicturus
690 2038 737 2076 et
764 2036 892 2075 actor
920 2036 967 2075 et
997 2044 1104 2075 reus
1148 2026 1262 2075 alter
1301 2036 1406 2093 post
1437 2029 1632 2078 alterum

226 2097 474 2164 surgebat:

356 2168 480 2210 Τοῖσιν
498 2160 611 2210 ’ἔπειτ’
632 2164 761 2216 ἤϊσσον
776 2199 789 2221 ,
825 2159 1021 2221 ἀμοῑβηδίς
1045 2161 1084 2206 δὲ
1101 2160 1319 2214 δίκαζονὶῡ.

1496 2223 1637 2272 Uter-

279 2398 317 2442 1)
342 2396 407 2432 Od.
434 2393 524 2439 XII,
546 2396 613 2441 439
633 2407 702 2441 seq.
798 2392 837 2437 2)
862 2391 905 2428 Il.
927 2389 1027 2437 XVI,
1053 2393 1134 2438 387,
1230 2390 1269 2436 3)
1290 2391 1369 2427 vid.
1394 2391 1435 2428 Il.
1468 2391 1514 2426 XI
1530 2420 1540 2438 ,
1563 2393 1640 2429 806.

233 2454 272 2498 4)
296 2452 377 2486 Vid.
406 2451 449 2486 Il.
471 2449 606 2494 XVIII,
629 2452 708 2484 504.
810 2448 848 2490 5)
876 2446 949 2480 Non
969 2445 1158 2480 audiendus
1177 2443 1334 2481 Eustath.
1361 2446 1402 2480 ad
1423 2446 1465 2483 Il.
1487 2447 1527 2484 L.
1550 2446 1573 2482 l.
1597 2445 1641 2480 :vi

235 2519 335 2555 quem
356 2505 425 2540 vid.
448 2505 560 2549 Heyn.
581 2511 616 2538 et
635 2503 748 2548 K'opp-
872 2500 909 2544 6)
937 2500 990 2536 Cf.
1019 2501 1055 2537 h.
1079 2500 1117 2536 L.
1142 2512 1173 2534 c·
1193 2501 1228 2534 4.
1254 2503 1286 2547 §-
1307 2513 1323 2536 1
1346 2512 1415 2546 seq.
1534 2500 1571 2548 7)
1598 2500 1642 2536 11.

235 2563 275 2598 1,,
298 2570 324 2597 ι,
348 2563 413 2607 257
444 2570 538 2603 seqq.
655 2556 694 2600 8)
720 2555 763 2590 Il.
787 2553 923 2597 XVIII,
947 2556 1023 2590 505.
1054 2554 1095 2588 ad
1120 2565 1152 2599 q.
1175 2553 1199 2590 l.
1224 2555 1267 2590 cf.
1296 2553 1407 2599 Heyn.
1534 2554 1572 2600 9)
1596 2553 1642 2591 ll.

236 2614 275 2649 L.
296 2616 320 2653 l.
345 2627 390 2652 vs.
414 2616 474 2650 501
497 2621 593 2656 seqq·
695 2609 752 2654 ιο)
779 2607 819 2644 11.
839 2608 880 2645 L.
907 2608 932 2642 l.
955 2620 1005 2646 vs.
1027 2610 1103 2647 506.
