1780 3120
594 118 1166 208 HoMERicm
1517 161 1581 210 23

363 313 381 336 ···
448 317 945 333 .......
1012 287 1109 343 λάβε
1141 291 1273 348 γούνων

341 342 461 411 Σκαιῇ
478 387 490 407 ,
523 351 689 413 δεξιτερῇ
723 347 760 397 δ’
783 346 847 413 ἄρ’
877 348 936 396 ὑπ’
956 355 1171 413 ἀνθερεῶνος
1196 357 1326 400 ἑλοῦσα
1349 367 1385 403 ¹.
1583 390 1586 393 -

242 417 285 482 ξ,
321 433 369 482 7.
431 416 580 473 Loca,
617 415 784 479 quibus
813 424 1022 473 orarent,
1049 417 1343 466 variasserant«.
1394 421 1465 468 Ibi
1495 440 1589 470 om-

179 481 294 531 nino
326 497 487 547 preces
516 480 714 539 fiebant,
750 479 833 527 ubi
869 497 922 525 eo
950 484 1172 545 temporis
1207 495 1380 548 puncto
1401 486 1475 532 vel
1508 487 1590 534 acl-

181 541 279 594 erat
307 546 525 610 supplex,
560 546 634 592 vel
671 563 742 593 res
779 545 968 592 ferebat.v
1050 547 1189 607 Quod
1223 566 1281 594 ne
1315 551 1378 598 ita
1413 550 1592 601 dictum

179 614 430 677 accipiatur
462 611 624 665 velim,
671 621 723 658 ut
761 629 1000 676 nunquam
1043 613 1090 658 in
1128 614 1297 678 templa
1344 617 1594 664 solenniter

180 677 415 724 adoraturi
451 693 498 723 se
526 677 820 726 contulerint.
888 679 1037 723 Immo
1068 694 1173 724 vero
1208 678 1334 727 adest
1366 682 1597 749 ejusmodi

180 742 530 807 supplicationis
572 742 622 788 in
663 741 803 788 Iliade
843 740 1137 805 exemplum,
1172 761 1264 808 quo
1292 753 1595 811 praeeuntem

181 806 375 854 Theano
404 807 644 852 comitatae
666 806 869 853 Troades
894 845 904 863 ,
934 807 1075 871 peplo
1107 809 1164 856 ad
1191 810 1315 858 Deae
1344 830 1492 876 genua
1519 813 1599 860 de-

179 873 358 938 posito,
410 871 591 936 Ipsam,
625 880 676 917 ut
724 872 904 919 afflictis
940 874 979 918 T
981 877 1107 937 rojae
1153 875 1292 924 rebus
1332 887 1600 938 succurrat,

180 946 472 1003 precaturae,
502 935 682 982 solenni
705 954 874 1003 pompa
898 938 1101 985 Athenes
1121 941 1347 1005 templum
1364 944 1536 991 adeunt
1557 957 1598 992 ².

198 1044 201 1047 .
245 1003 281 1066 ξ.
302 1003 349 1050 8.
398 1001 535 1060 Illae,
563 1019 676 1066 quas
699 1003 926 1060 diximus,
951 1014 1184 1051 matronae
1198 1009 1424 1073 Troianae
1443 1048 1454 1065 ‚
1480 1019 1596 1057 teste

182 1068 390 1115 Homero
410 1105 422 1126 ,
456 1071 608 1130 ὀλολυγῇ
649 1079 767 1114 παῖσαι
810 1067 947 1129 Ἀθήνῃ
977 1084 1104 1133 χεῖρας
1130 1079 1284 1136 ἀνέσχον
1308 1075 1352 1121 3:
1389 1077 1469 1141 qui
1498 1075 1599 1123 ulu-

180 1132 299 1181 latus
331 1133 380 1179 in
410 1132 629 1196 precibus
656 1132 850 1180 solennis
880 1131 971 1179 suit'
997 1144 1042 1181 et
1067 1155 1089 1181 ει
1116 1137 1388 1186 mulieribus
1406 1179 1416 1196 ,
1453 1150 1503 1187 ut
1538 1143 1604 1188 vi·-

184 1199 343 1256 detur,
379 1196 649 1261 praesertim
684 1199 911 1245 excitatus
933 1199 969 1243 4.
1041 1198 1250 1256 Ὀλςλύζειν
1268 1214 1315 1251 et
1341 1211 1518 1268 ὀλελυγὴ,
1546 1216 1601 1254 ut

181 1263 335 1328 inquit
366 1264 599 1325 Heynius,
634 1262 693 1309 ab
724 1264 895 1327 ejulatu
921 1266 1135 1312 translata
1161 1268 1219 1314 ad
1245 1270 1605 1335 supplicationes

185 1328 379 1393 proprio
409 1329 560 1391 aliquo
591 1345 706 1385 usu,
741 1328 1118 1392 quandoquidem
1146 1331 1250 1379 illae
1278 1353 1383 1382 cum
1414 1339 1598 1384 miset-‹1-

187 1394 311 1440 tione
338 1392 546 1440 fortunae
573 1391 771 1450 fiebant,
807 1392 882 1440 vel
908 1410 993 1458 per
1019 1395 1220 1444 furorem
1251 1400 1300 1446 in
1329 1401 1476 1449 teletis
1497 1403 1537 1452 5.

392 1745 735 1809 CAPUT
820 1752 1387 1806 SEPTIMUM

694 1898 759 1927 DE
802 1898 1086 1935 VICTIMIS.

251 2050 291 2114 §.
333 2067 374 2098 1.
441 2023 686 2096 Precibus
713 2059 865 2099 autem
884 2054 1136 2106 fundendis
1165 2061 1375 2129 votisque
1398 2081 1503 2112 cum
1524 2085 1601 2115 su-

185 2115 442 2180 scipiendis
459 2124 557 2161 tum
578 2115 893 2179 persolvendis
910 2123 1085 2185 pietatis
1106 2125 1251 2174 officia
1281 2129 1603 2194 adimplevisse

188 2181 403 2228 nondum
423 2180 512 2227 sibi
533 2180 809 2228 videbantur
825 2220 836 2240 ,
870 2187 1012 2234 immo
1043 2190 1114 2236 vel
1148 2195 1344 2240 maxime
1368 2199 1602 2246 sacrificiis

192 2247 313 2293 Deos
349 2255 394 2293 et
433 2244 691 2292 flectendos
727 2256 772 2292 et
829 2249 1077 2314 placandos
1119 2273 1217 2304 esse
1263 2261 1602 2311 existimabant.

191 2312 320 2370 Quae
351 2312 552 2358 Graecos
584 2311 742 2376 opinio
776 2313 1031 2377 induxerit,
1068 2330 1117 2367 ut
1150 2323 1249 2369 Diis
1275 2326 1498 2374 sacrificia
1537 2330 1604 2375 οῗ·

190 2376 399 2440 ferrent‚
446 2376 777 2442 quaerentibus
821 2385 1022 2432 occurrit
1055 2389 1302 2437 numinum
1350 2392 1408 2438 ad
1440 2392 1603 2441 huma-

1494 2476 1606 2506 nam.

238 2570 276 2614 ι)
301 2570 342 2608 11.
365 2572 403 2617 I,
428 2573 495 2608 500
517 2571 600 2618 seq-l
709 2569 747 2614 2)
771 2572 812 2610 L.
836 2574 905 2613 VI.
930 2590 977 2615 vs.
1003 2581 1064 2619 501
1092 2593 1186 2629 seqq.
1298 2588 1336 2631 5)
1362 2586 1401 2620 L.
1422 2584 1446 2621 1.
1471 2597 1516 2621 vs.
1543 2587 1603 2632 cit.

191 2623 231 2668 4)
256 2624 648 2669 vid.o‹1.111,450.et
671 2623 904 2677 Od.1V‚767.
926 2632 1173 2679 ihiqffitzsch.
1271 2641 1309 2684 5)
1337 2640 1541 2676 vanuco.
1568 2651 1603 2676 et

191 2677 330 2718 Obscrv.
348 2681 390 2715 ad
413 2680 457 2719 11.
480 2680 624 2727 V1,501
675 2676 729 2717 Cf.
753 2691 842 2721 auct.
867 2686 908 2721 ab
930 2700 968 2722 eo
988 2690 1047 2726 cit,
1075 2699 1108 2727 et
1131 2693 1244 2730 Schol.
1272 2695 1311 2729 ad
1337 2693 1399 2730 ed.
1418 2693 1495 2738 111,
1520 2697 1595 2740 400,

1168 2763 1269 2809 135
