1780 3120
602 133 1174 203 HoMERIGA.
1526 150 1587 212 63

368 471 712 522 CAPUT
786 465 1384 518 SECUNDUM.

299 620 364 650 DE
397 619 590 652 REGUM
623 617 956 650 POTESTATE
987 616 1169 657 ATQUE
1202 613 1443 646 OFFICIO-

233 778 273 842 ξ.
314 796 353 826 1.
420 752 674 851 Quamvis
712 777 938 843 dignitate
976 777 1024 824 in
1062 774 1238 841 populo
1282 791 1365 821 suo
1415 774 1589 823 emine-v

164 853 272 892 rent
318 860 479 907 reges,
529 844 784 891 arctissimo
826 853 985 891 tamen
1025 841 1211 892 vinculo
1255 839 1409 886 eidem
1453 851 1586 888 erant

155 910 422 973 conjuncti,
458 917 734 973 potestatem
776 926 907 956 suam
951 910 1014 956 ita
1059 909 1153 954 fere
1203 915 1498 954 excercentes
1538 909 1586 955 in

161 983 388 1034 cunctos,
438 983 493 1021 ut
539 975 589 1021 in
631 990 736 1022 suos
781 976 897 1023 solet
942 972 1268 1040 paterfamilias
1311 971 1384 1017 vel
1426 972 1584 1037 stirpis

160 1049 320 1087 auctor
343 1051 380 1088 ¹.
444 1038 544 1086 Nec
575 1048 733 1086 tamen
765 1039 908 1087 libera
940 1049 1039 1086 erat
1070 1047 1146 1085 aut
1186 1037 1395 1084 absoluta
1423 1053 1585 1087 eorum

157 1106 364 1170 potentia
386 1144 398 1165 ‚
434 1104 516 1152 sed
551 1106 689 1152 certis
720 1104 901 1169 legum,
944 1123 1041 1151 non
1070 1103 1213 1150 literis
1257 1102 1448 1168 quidem
1475 1121 1588 1150 con-

156 1171 434 1234 signatarum
468 1182 490 1205 2
524 1179 570 1217 at
612 1170 779 1235 cuique
815 1170 989 1236 populo
1029 1170 1329 1228 innatal'um,
1375 1170 1584 1218 terminis

157 1236 522 1300 circumscripta.
618 1237 843 1295 Quamvis
903 1235 1111 1282 rudiores
1133 1273 1144 1292 ,
1210 1232 1325 1299 quid
1377 1235 1551 1296 justum
1572 1274 1585 1297 ,

156 1300 271 1366 quid
307 1302 537 1368 injustum
584 1311 733 1358 esset,
781 1300 927 1366 probe
969 1299 1211 1347 tenebant.
1291 1297 1471 1345 Natura
1507 1304 1584 1366 ju-

153 1365 325 1425 bente,
360 1375 413 1413 ut
455 1382 665 1430 semper,
701 1367 765 1412 ita
797 1383 924 1412 nunc
957 1365 1183 1412 libertatis
1219 1380 1406 1421 amore,
1442 1369 1584 1413 servi-

79 1438 83 1442 ‘
149 1432 265 1479 tutis
303 1431 714 1493 odio-serebantur
746 1469 757 1489 ‚
809 1429 1112 1496 ejusdemque
1163 1438 1355 1476 naturae
1395 1432 1582 1479 monitis

152 1497 385 1555 obsecuti,
420 1495 535 1562 quid.
564 1495 676 1543 boni
706 1497 824 1558 regis
864 1505 1012 1554 esset,
1050 1493 1165 1559 quid
1194 1493 1305 1541 mali
1345 1493 1581 1544 discerne.

150 1580 199 1610 re
226 1564 400 1628 optime
427 1571 671 1608 noverant.
740 1566 846 1620 Quo
876 1562 1031 1607 minus
1059 1570 1214 1607 autem
1238 1577 1399 1624 regum
1430 1562 1583 1626 impe-

152 1627 274 1675 rium
300 1645 352 1674 ac
379 1635 582 1693 potestas
621 1625 797 1691 legibus
829 1628 1153 1673 confirmatum
1176 1634 1274 1672 erat
1313 1635 1359 1671 et
1388 1626 1582 1675 circum-

151 1695 354 1759 scripta,
390 1708 445 1738 eo
473 1691 610 1739 latior
646 1693 855 1757 ipsorum
885 1709 992 1739 cum
1030 1690 1245 1738 laudibus
1281 1699 1381 1737 tum
1417 1709 1579 1755 repre-

141 1757 455 1806 hensionibus
488 1775 677 1823 campus
706 1756 907 1823 patebat.
975 1758 1127 1817 Quam
1166 1773 1295 1820 reges
1324 1759 1582 1820 reprehen—

149 1825 292 1871 dendi
337 1825 629 1871 occasionem
668 1824 748 1888 qui
789 1828 1032 1887 captaret,‘
1064 1821 1170 1868 odio
1216 1820 1472 1870 habebatur
1519 1824 1578 1871 ab

149 1888 366 1936 omnibus
390 1888 436 1944 5,
473 1898 526 1935 ut
556 1888 784 1935 Thersitis
811 1886 1025 1951 exemplo
1049 1885 1289 1934 discimus.

212 1956 255 2019 ξ.
293 1973 338 2002 2.
406 1953 582 2018 Regum
611 1969 726 2018 quae
761 1953 931 1999 fuerint
957 1951 1108 1999 officia
1139 1953 1467 2018 quaerentibus
1497 1953 1572 2004 hic

144 2020 238 2068 illic
277 2020 327 2066 in
354 2020 560 2066 Homero
592 2017 816 2082 quaedam
853 2016 988 2066 obvia
1027 2027 1168 2077 sunt,
1203 2035 1259 2064 ex
1295 2020 1463 2085 quibus
1498 2038 1572 2067 eo-

148 2104 255 2135 rum
296 2086 522 2132 rationem
568 2082 749 2130 cssicere
794 2083 905 2131 licet
950 2084 1168 2150 quidem,
1219 2093 1422 2133 attamen
1470 2105 1569 2135 non

145 2153 239 2199 nisi
278 2160 425 2199 caute.
491 2148 760 2198 Videndum
801 2151 958 2206 enim,
993 2166 1054 2196 ne
1082 2152 1342 2214 argumenti
1372 2153 1569 2199 suavita·

147 2226 192 2264 te
224 2218 346 2283 capti
367 2217 418 2263 in
451 2216 653 2263 Graecos
690 2224 848 2261 nostra
882 2216 1206 2264 transferamus
1226 2253 1239 2274 ‚
1272 2234 1392 2265 neve
1417 2220 1568 2265 omni-

146 2281 233 2329 bus
271 2300 325 2330 ea
362 2281 714 2344 adjudicemus,
764 2297 880 2346 quae
923 2290 1002 2327 aut
1039 2280 1331 2346 principibus
1383 2292 1566 2331 tautum

146 2348 292 2406 viris,
327 2357 429 2405 aut,
463 2346 591 2412 quod
625 2346 700 2393 alii
723 2347 1036 2411 suspicantur,
1073 2347 1276 2394 Homero
1312 2349 1449 2395 unice
1484 2350 1568 2396 tri-

148 2412 332 2461 buenda
375 2421 484 2460 sunt
506 2413 544 2462 4.
611 2412 796 2473 Quibus
845 2411 1125 2473 observatis,
1160 2412 1274 2460 haec
1311 2414 1370 2460 de
1407 2432 1568 2478 regum

1511 2481 1577 2527 of·

197 2585 235 2630 1)
261 2586 314 2623 Cf.
344 2586 597 2624 VVachsmuth.
617 2589 681 2635 Op.
702 2587 727 2624 l.
763 2595 848 2624 tom.
866 2586 890 2624 l.
928 2599 962 2633 p.
981 2589 1046 2634 89,
1073 2600 1128 2633 92.
1247 2587 1285 2632 2)
1312 2587 1365 2623 Cf.
1390 2587 1503 2623 schol.
1529 2587 1572 2622 B.

153 2641 194 2678 L.
218 2640 260 2675 ad
278 2640 318 2678 ΙΙ.
339 2641 407 2687 ΙΧ,
431 2655 485 2689 99.
591 2643 627 2685 5)
655 2643 707 2678 Cf.
727 2655 828 2688 supra
850 2642 886 2678 C.
914 2657 942 2678 1.
967 2645 999 2689 §-
1020 2644 1050 2677 5.
1077 2642 1113 2676 in
1135 2643 1211 2677 fine.
1295 2643 1333 2685 4)
1361 2643 1407 2676 Ut
1422 2643 1576 2680 Mtzsch.

151 2695 194 2730 td
217 2695 280 2730 od.
302 2695 360 2743 II,
384 2698 428 2733 44
452 2709 543 2743 seqq.
592 2697 773 2743 Duplieem
793 2709 924 2743 quoque
949 2699 986 2731 in
1020 2697 1164 2730 Homeri
1193 2696 1403 2732 carminibus
1428 2695 1468 2730 dc
1495 2696 1575 2731 Diis

1089 2751 1117 2784 E
1141 2764 1163 2787 2
1517 2752 1584 2785 do·-
