1750 3116
504 136 738 175 ,OPERIS
785 112 1215 174 cousp‘ssc‘rus.
1467 149 1566 182 xxxv

279 247 313 288 5.
335 256 370 287 3.
415 246 559 278 Domum
585 245 792 282 introductos
819 243 989 276 considere
1002 243 1178 285 jubebant,
1197 255 1256 278 nec
1272 247 1327 287 qui
1344 256 1377 280 et
1394 252 1480 283 unde

233 311 347 340 ›essent
370 303 458 343 prius
486 301 673 341 percontari
701 300 851 334 solebant
854 322 874 339 2
899 308 1001 339 quam,
1026 300 1102 332 cibo
1136 309 1169 332 et
1199 310 1279 340 potu
1306 303 1480 339 liberaliter

236 368 295 404 eos
318 366 535 391 recreassent.
703 378 715 389 .
846 376 857 387 .
987 377 998 395 .
1128 377 1138 388 .
1267 378 1279 390 .
1365 369 1441 402 pag.
1485 373 1560 407 2129

277 414 310 455 §.
334 423 368 450 4.
414 414 585 453 Ingressos
607 413 759 445 lavabant
772 435 783 451 ‚
806 410 996 451 unguebant
1016 417 1051 445 et
1071 409 1168 447 novis
1187 411 1336 446 vestibus
1356 417 1472 449 indue-

232 470 334 501 bam:
361 477 428 500 tum
453 470 549 500 sedes
576 470 780 508 capientibus
806 465 964 509 χέρνιβα
1000 467 1138 504 afferunt
1158 467 1296 501 famulae
1327 477 1360 500 et
1385 479 1477 501 men-

231 535 302 563 sam
321 532 507 565 apponunt,
531 527 612 557 cibis
636 527 791 566 repletam
808 550 820 566 ‚
843 526 961 566 quibus
981 530 1017 554 ut
1040 531 1079 554 ex
1099 521 1233 554 libidine
1258 531 1408 564 utantur,
1434 525 1476 556 li.

230 580 384 612 beraliter
407 588 466 611 eos
486 580 642 613 invitant.
690 580 846 623 Cubitum
875 581 967 614 ituris
992 579 1166 619 aliquando
1188 577 1330 615 repetita
1354 586 1406 610 est
1427 581 1473 611 la-

229 635 343 676 vatio,
365 643 448 667 utet
464 645 480 666 a
505 644 633 669 summo
657 646 750 669 mane
771 637 980 678 surgentibus
1001 642 1099 675 atque
1124 634 1382 667 discedentibus.
1427 656 1440 669 .
1483 647 1560 679 213,

271 689 304 730 §.
329 701 363 732 5.
408 692 477 732 Ipsi
506 693 654 733 hospites
693 694 832 726 abeundi
871 691 1000 725 veniam
1041 698 1152 731 petere
1186 690 1363 729 solebant,
1393 699 1477 731 quos

227 748 352 780 diutius
377 749 523 781 detinere
545 758 610 781 non
637 750 772 783 licebat.
859 770 870 784 0
1001 768 1012 779 ·
1141 767 1152 777 ·
1284 766 1296 776 ·
1377 791 1384 796 ·
1424 768 1437 779 ·
1481 754 1561 788 214·¹

268 805 300 842 S.
324 802 358 836 6.
400 803 549 836 Abituris
569 814 670 837 coena
692 814 843 845 paratura
867 803 929 836 diis
952 802 1097 837 libatur:
1128 800 1305 836 discessuri
1331 801 1476 835 invicem

227 860 314 892 bona
340 867 491 899 quaeque
515 858 578 890 sibi
605 868 833 899 appi-ocantur.
994 880 1006 892 .
1137 879 1149 891 .
1281 881 1294 891 .
1425 881 1436 892 .
1482 869 1559 902 215.

272 915 305 957 §-
328 925 362 957 7.
407 914 561 955 Denique
591 915 748 946 abeuntes
779 915 854 947 cibo
869 938 881 954 ‚
902 921 982 953 potu
997 938 1009 954 ‚
1031 914 1102 947 aliis
1118 938 1130 955 ,
1153 915 1273 956 quibus
1299 916 1332 948 in
1360 916 1477 950 itinere

225 980 308 1012 opus
331 978 438 1010 esset,
462 969 650 1009 cumulant,
680 969 712 1000 in
739 970 850 1009 primis
879 966 1067 1012 ξεινηΐοις,
1090 981 1174 1011 quae
1209 970 1299 1002 varia
1333 980 1437 1006 erant.
1482 972 1559 1006 216.

141 1029 252 1069 ssaput
272 1027 368 1061 XIV.
414 1026 464 1061 De
485 1025 739 1064 supplicatione.

271 1082 303 1125 §-
330 1093 361 1117 1·
405 1082 455 1113 De
470 1090 599 1113 summo
622 1082 767 1123 honore,
789 1093 856 1123 quo
876 1085 1024 1124 hospites
1038 1083 1105 1115 sere
1131 1081 1314 1125 habebant,
1337 1090 1371 1115 et
1385 1083 1474 1117 aravi

227 1146 354 1178 poena,
377 1146 459 1177 quae
472 1136 794 1178 manebatinjustos‚
817 1139 964 1179 quiquid
989 1139 1021 1172 in
1047 1139 1193 1178 hospites
1217 1138 1438 1178 deliquerant.
1480 1149 1557 1183 2¹7·

263 1197 294 1234 ς.
319 1204 354 1227 2.
398 1194 462 1225 Per
477 1194 580 1225 Zeum
599 1193 770 1233 praecipue
789 1194 1032 1233 supplicabant:
1061 1202 1292 1233 nonnunquam
1320 1204 1376 1234 per
1391 1196 1473 1228 deos

225 1259 364 1290 omncs,
388 1258 564 1289 parentes,
588 1258 708 1285 uxores
723 1274 734 1291 ,
760 1249 906 1289 liberos,
930 1250 1013 1280 bona
1045 1256 1078 1280 et
1105 1258 1157 1280 res
1180 1250 1313 1281 omnino
1339 1249 1468 1283 carissi-

222 1317 307 1342 mas.
353 1307 417 1339 Per
441 1315 604 1339 exsertam
632 1316 804 1338 mammam
840 1304 977 1336 Hectori
1001 1303 1198 1343 supplicavit
1222 1305 1374 1338 Hecuba.
1420 1329 1433 1340 .
1476 1307 1554 1351 218.

265 1363 299 1403 §.
323 1373 358 1402 3.
402 1362 452 1394 Eo
476 1371 591 1394 manus
619 1363 758 1394 tendunt
783 1361 1028 1400 supplicantes,
1058 1360 1142 1391 unde
1173 1369 1268 1400 opem
1303 1371 1432 1400 petunt.
1476 1374 1554 1406 219-

264 1419 299 1459 S.
321 1428 354 1459 4.
403 1418 452 1453 Ut
484 1418 524 1449 ab
556 1420 651 1453 ‚omni
676 1418 789 1458 injuria
814 1429 848 1451 se
875 1425 966 1450 tutos
990 1425 1216 1456 praestarent,
1250 1416 1339 1456 pacis
1362 1418 1468 1458 quod·

222 1473 294 1506 dam
320 1472 449 1513 signum
475 1471 623 1505 ferebant
647 1475 868 1514 supplicantes
883 1496 894 1513 ‚
918 1481 986 1512 quo
1009 1472 1124 1504 muniti
1152 1473 1265 1505 hostes
1286 1472 1385 1506 etiam
1410 1474 1469 1506 ad-

216 1535 321 1567 eunt,
343 1533 379 1558 ut
403 1526 562 1567 Chryses.
709 1550 722 1573 .
851 1550 863 1565 .
995 1551 1007 1562 .
1138 1550 1149 1561 .
1279 1551 1291 1562 .
1419 1551 1432 1563 .
1475 1540 1550 1574 219.

262 1581 295 1622 §.
319 1591 350 1624 5.
393 1582 448 1613 Ad
465 1591 570 1623 genua
592 1581 681 1623 eius,
704 1583 757 1621 cui
784 1585 988 1626 supplicant,
1009 1596 1082 1618 sese
1102 1594 1314 1626 prosternunt
1328 1609 1340 1627 ,
1364 1597 1468 1629 eaque

216 1637 471 1678 amplectuutur.
517 1636 604 1674 Tum
632 1647 777 1672 mentum
802 1649 940 1683 tangunt
957 1666 970 1685 ,
993 1651 1028 1675 ut
1046 1643 1210 1677 interdum
1238 1643 1339 1676 altera
1370 1653 1468 1677 manu

217 1703 346 1736 genua,
371 1692 471 1726 altera
491 1701 638 1726 mentum
671 1704 832 1731 tenerent.
984 1723 996 1733 .
1126 1721 1139 1734 .
1270 1720 1283 1732 ο
1416 1721 1428 1733 ·
1469 1710 1551 1740 220·

262 1748 298 1790 §n
318 1749 356 1785 6,
399 1747 551 1781 Osculati
583 1760 715 1792 quoque
735 1763 840 1794 genua
858 1755 1023 1788 solebant.
1130 1778 1142 1789 .
1272 1777 1285 1789 .
1414 1778 1427 1791 .
1471 1767 1548 1794 221.

261 1807 294 1846 ς.
317 1815 353 1847 7.
395 1804 452 1836 Ad
473 1804 581 1836 focum
610 1816 641 1839 s.
662 1808 762 1840 larem
797 1809 974 1850 aliquando
1004 1811 1199 1845 consident:
1225 1813 1263 1855 in*
1287 1810 1396 1845 limine
1422 1814 1466 1846 ad

216 1860 306 1897 fores
328 1859 415 1892 sedit
440 1858 580 1898 Ulysses
595 1862 777 1895 mendicus.
837 1883 852 1898 0
982 1887 994 1899 .
1128 1890 1139 1901 .
1270 1889 1283 1901 .
1414 1891 1426 1903 .
1469 1881 1546 1914 221,

261 1913 296 1958 ς.
327 1915 362 1959 3.-
404 1913 461 1954 Ad
482 1923 552 1947 aras
575 1916 716 1956 denique
731 1941 743 1958 ,
766 1918 823 1951 ubi
844 1921 998 1962 aderant,
1022 1921 1269 1964 confugiebant.
1411 1947 1424 1959 -
1467 1936 1545 1968 222.

506 2025 735 2060 LIBER
794 2029 1161 2071 QUARTUS.

129 2137 240 2182 §aput
262 2137 294 2171 1.
337 2135 390 2176 De
413 2134 622 2177 agricultura,

254 2192 286 2229 S.
313 2202 344 2226 1.
389 2193 554 2234 Agrorum
582 2194 741 2236 culturam
766 2195 861 2236 novit
884 2206 973 2231 aetas
991 2200 1146 2241 heroica,
1170 2210 1232 2241 qua
1247 2203 1382 2245 singulis
1399 2215 1458 2239 sua

215 2259 293 2281 arva
311 2249 457 2282 terminis
483 2249 637 2281 distincta
667 2249 816 2292 fuerunt,
841 2262 923 2293 quae
946 2255 1000 2287 vel
1022 2255 1082 2295 ipsi
1105 2256 1158 2288 vel
1180 2257 1268 2290 servi
1295 2261 1462 2298 colebant.

213 2304 305 2341 Arva
322 2311 428 2342 autem
456 2303 618 2343 lapidibus
640 2305 908 2346 distinguebant:
933 2311 972 2344 de
997 2311 1157 2344 mensuris
1181 2312 1263 2345 nihil
1277 2323 1420 2350 constat.
1463 2327 1540 2360 223.

260 2358 293 2399 §.
317 2369 352 2392 2.
397 2360 450 2392 De
473 2360 679 2392 stercorandi
702 2370 784 2394 arte.
843 2385 855 2396 .
944 2372 950 2377 ·
985 2387 997 2398 .
1126 2388 1138 2399 .
1269 2389 1280 2401 .
1409 2394 1420 2405 .
1464 2383 1540 2414 224.

253 2419 284 2456 (5.
308 2426 340 2456 3.
387 2417 439 2448 De
469 2418 567 2449 boum
595 2418 820 2459 mularumque
846 2421 877 2463 in
906 2424 1050 2457 aratione
1066 2449 1078 2466 ‚
1100 2435 1186 2464 usu,
1219 2434 1278 2458 eos
1300 2427 1456 2469 iungendi

212 2479 305 2504 more
323 2495 335 2511 ,
358 2479 392 2504 et
415 2475 514 2505 aratri
533 2475 668 2507 materia
689 2483 727 2506 ac
758 2476 876 2512 forma.
978 2501 989 2520 e
1121 2501 1134 2512 .
1263 2504 1276 2517 .
1406 2503 1417 2514 ·
1462 2496 1540 2529 225.

253 2527 284 2566 s.
307 2536 342 2566 4.
388 2527 437 2561 De
457 2539 588 2570 messe,
612 2532 776 2571 variisque
799 2531 830 2564 in
853 2543 890 2565 ea
911 2534 1089 2570 laboribuS.
1264 2561 1277 2575 .
1403 2560 1414 2574 .
1460 2543 1539 2574 228.

251 2579 284 2620 §·
309 2591 343 2623 5-
388 2584 441 2618 De
463 2588 681 2620 ventilatione
698 2611 709 2628 ,
733 2597 767 2620 et
789 2589 916 2624 tritura.
972 2611 984 2624 .
1115 2614 1127 2627 .
1258 2614 1270 2627 .
1403 2615 1416 2629 .
1458 2604 1538 2639 229.

252 2633 285 2691 ᾗ.
309 2637 344 2672 6.
387 2641 438 2682 De
460 2642 574 2682 viretis
586 2667 599 2685 ,
623 2643 790 2683 vinearum
813 2645 938 2679 cultura
959 2653 994 2680 et
1014 2647 1194 2691 vindemia.
1260 2663 1272 2681 a
1402 2669 1416 2693 ⁰.
1460 2660 1537 2697 229.

1448 2706 1480 2747 §-
1501 2718 1537 2750 7·
