1780 3120
571 132 1156 185 HOMERICA.
1457 137 1554 188 283

141 267 193 314 δα
222 266 466 331 rejiciunt,
503 262 630 329 quod
660 263 721 311 de
751 264 955 311 Hectore
990 264 1041 311 in
1084 262 1248 311 urbem
1292 281 1353 312 ex
1395 283 1550 332 pugna

143 331 338 380 abeunte
367 332 546 378 monuit
570 331 829 377 Homerus:

279 429 792 448 ...........
824 396 949 454 οἷπέβη
983 399 1207 457 κορυθοιιὲλος
1233 397 1416 459 Ἕκτωρ·

266 463 384 527 Ἀμφὶ
415 462 456 508 δέ
485 482 552 523 μιν
586 467 710 526 σφυρὰ
743 466 856 508 τύπτε
889 466 952 507 καὶ
977 464 1117 522 αὐχένα
1149 462 1270 523 δέρμα
1304 465 1490 524 κελαινὸν,

255 526 425 585 Ἀντυξ,
460 530 485 580 ἣ
517 530 671 588 πυμάτη
707 531 784 573 θέεν
815 527 964 581 ἀσπίδος
993 529 1248 590 ὀμφαλοέσσης
1272 535 1308 575 ¹.

134 590 177 639 A
210 593 376 639 ceteris
418 591 652 639 diversum
696 591 848 655 clypei
892 608 1033 655 genus
1073 591 1316 638 dicebatur
1357 594 1549 655 Rawn'ffou,

133 656 262 721 quod
294 657 370 704 alii
407 674 434 704 a
465 656 674 714 levitate,
723 656 797 703 alii
828 675 852 702 a
889 657 1045 702 crudis
1088 673 1177 703 nec
1214 657 1371 721 politis
1416 659 1548 722 pelli-

133 721 220 769 bus
239 759 251 781 ,
281 739 337 768 ex
366 722 533 786 quibus
553 724 710 779 unice,
747 738 850 768 aere
880 721 1006 768 haud
1024 722 1251 780 immisso,
1273 723 1549 784 constabat,

135 785 214 834 alii
248 787 433 834 aliunde
474 805 648 834 nomen
685 786 870 834 duxisse
903 790 1035 851 ajunt
1057 798 1092 833 2.
1161 790 1327 836 Meum
1357 789 1549 852 quidem

132 868 368 898 assensum
395 851 614 899 coh-ibeo:
649 869 738 899 nec
764 852 890 898 enim
930 851 1186 918 quidquam
1218 853 1415 900 affirmat
1449 855 1548 900 Ho-

129 933 302 966 merus.
370 916 558 982 Clypeis
603 933 715 964 vero
747 917 918 964 leviora
955 919 1091 964 fuisse
1131 923 1285 971 λαισήὶα
1326 937 1380 966 ex
1407 920 1549 969 Poeta

129 991 339 1041 constat,
373 986 548 1049 quippe
571 1001 688 1049 quae
725 991 923 1046 πτειοέεντα
954 982 1073 1029 dixit
1096 983 1131 1031 3.
1215 984 1441 1031 Omnium
1470 986 1550 1032 de-

130 1063 276 1112 mque
311 1047 665 1095 celebratissima
701 1058 747 1095 et
788 1066 895 1096 cum
924 1059 1021 1094 arte
1064 1058 1161 1096 tum
1190 1050 1237 1097 vi
1268 1068 1350 1097 sua
1378 1052 1547 1099 miran-

127 1111 186 1159 da
211 1114 291 1159 Zei
326 1122 396 1160 est
428 1120 523 1175 αἰγὶς
543 1151 554 1172 ,
590 1132 728 1179 quam

264 1211 1034 1228 ................
1069 1186 1186 1243 θοῦριν
1204 1218 1215 1237 ,

266 1250 400 1299 Δεινὴν
420 1281 432 1301 ,
464 1247 710 1309 ἀμφιδάσειαν
729 1282 740 1303 ,
775 1242 970 1308 ἀριπρεπέ’
1013 1281 1025 1292 .
1064 1283 1073 1293 .
1110 1282 1122 1293 .
1157 1248 1320 1307 χαλκεὺς

241 1310 454 1374 Ἥφαιστος
489 1316 558 1357 Διῒ
586 1312 680 1357 δῶκε
713 1320 913 1375 φορήμεναι
946 1315 982 1365 ἐς
1015 1313 1126 1375 φόβον
1160 1314 1304 1373 ἀνδρῶν
1326 1311 1373 1346 4·

261 1411 272 1421 .
359 1412 371 1423 .
406 1379 450 1428 ἣν
483 1383 566 1440 περὶ
598 1381 666 1437 μὲν
698 1382 819 1430 πάνυ]
855 1379 974 1434 Φόβος
1007 1378 1283 1439 ἐστεφάνωται·

249 1439 316 1486 Ἕν
349 1441 535 1505 δ”Έρις,
568 1447 606 1489 έν
637 1443 831 1499 δ”Αλκὴ,
865 1448 902 1486 έν
936 1442 974 1487 δὲ
1008 1449 1192 1504 κρυόεσσα
1225 1443 1360 1499 Ἰωκή·

249 1503 316 1552 Ἑν
348 1509 389 1554 δέ
420 1527 460 1554 τε
495 1509 648 1570 Γοργείη
682 1510 824 1571 κεφαλὴ
858 1507 979 1552 δεινοῖο
1011 1511 1200 1569 πελώρου,

253 1574 370 1624 Δεινή
400 1590 440 1618 τε
459 1608 470 1629 ,
507 1574 673 1635 σμερδνή
704 1592 768 1628 τε,
805 1577 891 1625 Διὸς
924 1580 1033 1632 τέρας
1065 1577 1238 1634 αἰγιόχοιο
1258 1571 1298 1620 5.

116 1632 300 1681 Eodem
328 1635 491 1702 clypeo
515 1636 762 1701 aliquando
792 1646 988 1683 utuntur
1012 1636 1179 1700 Apollo
1206 1649 1252 1683 et
1276 1638 1458 1688 Athene
1482 1643 1528 1705 6'3

113 1699 204 1746 fuit
241 1701 367 1747 enim
411 1705 510 1766 ejus
553 1703 603 1749 in
646 1702 912 1748 mortalium
959 1703 1138 1750 animos
1182 1704 1254 1751 vis
1298 1709 1526 1769 maxima,

113 1781 254 1830 quam
280 1767 522 1831 aliquoties
552 1785 578 1814 a
607 1768 752 1814 Poeta
772 1776 1073 1814 memoratam
1093 1767 1181 1814 hoc
1208 1767 1311 1816 loco
1328 1788 1530 1837 expone.

111 1845 164 1877 re
206 1829 399 1894 longum
431 1841 500 1878 est
523 1844 560 1881 7.

157 1958 196 2003 1)
221 1959 266 1997 11.
286 1959 356 2006 VI,
382 1963 447 1998 116
468 1974 563 2008 seqq.
588 1960 631 1997 ad
655 1973 688 2007 q.
712 1960 738 1998 l.
763 1960 833 1999 vid.
867 1961 982 1998 Schol.
1015 1969 1051 1997 et
1076 1961 1228 2011 Interpr.
1276 1966 1329 2002 Cf.
1355 1965 1391 2000 h.
1415 1971 1448 2015 §-
1472 1981 1526 2015 pr,

112 2012 151 2057 2)
175 2013 254 2049 Vid.
278 2014 395 2053 Schol.
417 2025 454 2051 et
477 2016 626 2062 Interpr.
657 2018 700 2051 ad
725 2016 770 2054 Il.
801 2017 845 2060 V,
869 2018 948 2053 455.
973 2024 1008 2052 et
1031 2017 1117 2062 XII,
1142 2023 1221 2057 426.
1269 2020 1418 2066 Hesych.
1445 2025 1480 2057 in
1498 2037 1529 2062 v.

107 2076 145 2103 et
171 2068 284 2114 Kupk.
317 2071 383 2116 Op·
416 2071 443 2108 l.
480 2083 515 2117 p.
548 2074 623 2109 108.
757 2072 794 2116 5)
824 2071 864 2108 11.
884 2072 908 2108 l.
933 2073 956 2108 l.
1098 2074 1137 2117 4)
1163 2075 1205 2111 11.
1228 2075 1290 2109 XV
1306 2105 1315 2121 ,
1341 2078 1408 2111 508
1430 2084 1525 2124 seqq.

107 2121 147 2165 5)
171 2121 213 2158 11.
238 2123 270 2156 V
286 2152 296 2168 ,
321 2127 386 2171 759
406 2138 501 2171 seqq.
635 2126 673 2170 6)
699 2126 781 2160 vid.
807 2126 849 2162 ll.
876 2126 957 2172 XV,
985 2128 1049 2173 307
1074 2139 1165 2174 seqq.
1202 2138 1237 2164 et
1259 2131 1316 2174 11,
1343 2133 1407 2166 446
1431 2145 1524 2179 seqq.

99 2176 172 2265 gd.
193 2177 310 2223 XXII,
337 2192 402 2226 297
424 2192 518 2228 seqq.
653 2181 692 2227 7)
718 2180 797 2217 vid.
824 2189 960 2227 praeter
992 2181 1084 2217 locos
1102 2190 1174 2223 not.
1193 2186 1227 2221 6.
1253 2185 1312 2223 cit.
1337 2185 1378 2224 ll.
1403 2187 1525 2234 XVII,

125 2231 170 2275 95
188 2243 282 2281 seqq.

1403 2655 1512 2707 CA·
