1780 3120
564 131 1141 218 HOM'ERICA.
1502 165 1563 215 61

155 310 321 372 ’ἓαφῆναί
340 322 422 353 τινα
453 303 698 368 περίδειπνος,
731 300 817 348 ἀλλ’
846 304 972 356 ἁπλῶς
997 308 1015 347 ὁ
1035 301 1094 347 ἐπὶ
1129 300 1246 364 νεκρῷ
1269 312 1305 346 1.
1373 299 1436 347 Et
1459 316 1567 347 vero

156 372 326 419 rectius
355 367 544 434 quidem
577 367 672 415 hic.
739 365 836 415 Sub
876 367 1013 413 funus
1050 367 1177 412 enim
1215 366 1462 428 generatim
1493 382 1571 413 ce.-

157 434 456 483 lebrabantur
507 434 719 480 convivia
771 431 1090 497 sepulchralia.
1169 429 1310 490 Quod
1363 447 1470 475 eum
1515 446 1571 477 ex

158 499 508 564 Myrmidonum
541 498 752 563 exemplo
786 498 1039 559 intelligere
1078 496 1213 552 licet,
1253 504 1356 540 tum
1385 494 1575 553 exinde,

160 567 284 677 guod
315 574 416 631 post
446 565 653 627 Aegisthi
683 573 730 610 et
768 564 1158 627 Clytaemnestrae
1188 577 1355 608 necem
1380 562 1489 624 τάφος
1518 558 1576 605 ab

207 640 326 678 reste
361 629 618 678 celebratus
648 630 850 675 dicatur:

280 696 397 744 ’'Hi-ot
416 705 434 742 ὁ
462 700 520 741 τὸν
545 703 687 748 κτείνας
708 699 811 742 δαίνυ
837 697 947 759 ‘colem
971 692 1188 756 Ἀργείης-ιν

292 766 446 824 Μητρός
475 780 516 806 τε
542 766 721 823 στυγερῆς
747 766 810 806 καὶ
835 763 1026 813 ἀνάλκιδος
1057 758 1253 822 ’Assio-5:19
1276 770 1310 803 2.

163 827 309 893 Igitur
340 843 436 874 non
462 825 600 871 modo
633 834 736 889 post
758 824 840 871 sed
866 834 912 870 et
941 834 1043 870 ante
1074 825 1394 871 humationem
1420 820 1580 890 epulae

163 891 446 957 parabantur
467 927 479 949 ‚
513 907 795 957 quamquam
834 889 953 938 illud
996 890 1286 956 frequentius
1324 889 1475 937 locum
1505 890 1585 936 ha·

165 958 334 1006 buerit.

230 1024 270 1087 §.
311 1039 358 1089 7.
424 1023 510 1070 His
542 1020 642 1070 ludi
673 1018 865 1067 tandem
906 1020 1118 1068 solennes
1155 1031 1291 1087 atque
1327 1021 1478 1068 omnis
1513 1037 1587 1084 ge-

168 1089 295 1137 neris
334 1089 588 1136 certamina
620 1087 669 1132 in
709 1086 1008 1148 insigniorum
1037 1089 1240 1134 virorum
1269 1087 1428 1134 sunere
1458 1103 1590 1133 acce.

169 1153 361 1201 debant.
432 1153 745 1218 Amplissimos
773 1150 905 1196 ludos
937 1152 1151 1199 funebres
1191 1154 1238 1199 in
1272 1151 1469 1199 Patrocli
1500 1150 1590 1199 sibi

171 1219 323 1283 erepti
362 1218 595 1265 honorem
643 1216 789 1262 edidit
835 1216 1035 1263 Achilles
1062 1256 1073 1276 ,
1122 1219 1202 1283 qui
1252 1217 1405 1264 Iliadis
1459 1216 1591 1265 Libr.

171 1284 361 1333 XXIII.
386 1284 409 1318 5
439 1284 537 1330 fuse
563 1301 588 1331 a
610 1283 760 1329 Poe‘ta
792 1279 1147 1340 describuntur,
1184 1286 1233 1331 in
1263 1282 1430 1349 quibus
1461 1282 1589 1329 nullo

171 1368 266 1398 non
299 1350 606 1396 certaminum
635 1363 798 1411 genere
829 1349 1043 1411 praemiis
1067 1350 1227 1412 positis
1262 1350 1383 1395 inter
1414 1365 1461 1394 se
1482 1364 1594 1395 con-

173 1413 427 1463 tenderunt
451 1414 633 1462 Achivi.
702 1412 883 1458 Similes
919 1411 1052 1459 ludos
1081 1415 1131 1459 in
1166 1413 1367 1478 Oedipi,
1405 1412 1596 1460 Theba-

172 1498 280 1529 rum
322 1480 473 1543 regis,
521 1479 748 1525 honorem
793 1475 1049 1524 celebratos
1085 1479 1223 1526 fuisse
1269 1480 1433 1526 eodem
1475 1478 1594 1526 libro

175 1561 449 1605 monemur,
484 1561 681 1609 quorum
711 1543 902 1607 quidem
938 1543 1057 1589 fama
1091 1544 1201 1591 olim
1234 1544 1487 1592 admodum
1523 1544 1595 1591 in-

175 1610 340 1659 claruit
361 1609 404 1658 4.
478 1609 780 1656 Celeberrimi
821 1624 930 1656 vero
975 1607 1223 1657 laudantur
1268 1610 1350 1676 qui
1400 1607 1596 1656 Achillis

179 1674 396 1724 manibus
438 1674 636 1722 exhibiti
672 1682 805 1732 sunt,
840 1690 953 1738 quos
986 1676 1227 1733 omnium,
1261 1683 1488 1741 quotquot
1529 1674 1598 1723 vi-

181 1741 332 1800 derit,
367 1739 706 1806 pulcherrimos
738 1749 784 1786 et
811 1739 1208 1803 splendidissimos
1238 1741 1374 1788 fuisse
1403 1739 1600 1788 affirmat

181 1805 398 1866 Atrides,
432 1807 541 1872 qui,
574 1805 818 1871 plurimiS,
852 1805 1031 1870 inquit,
1064 1805 1189 1854 ludis
1229 1806 1501 1854 funebribus
1525 1805 1603 1854 in*

183 1870 348 1929 terfui,

313 1937 434 1982 Ἀλλά
459 1956 501 1982 κε
526 1947 628 1982 κεῖνα
649 1938 816 1996 μάλιστα
838 1940 922 1985 ἰδὼν
942 1942 1120 1990 ἐτεθήπεα
1138 1940 1268 2000 θυμῷ,

328 2001 394 2046 OT
413 2006 474 2047 ἐπὶ
494 2007 549 2048 σοι’
570 2001 594 2037 5
626 2005 807 2055 κατέθηκε
836 2007 901 2048 θεὰ
922 2003 1131 2067 περικαλλέ’
1150 2008 1270 2051 ἀέθλα
1283 2041 1295 2062 ,

311 2065 568 2131 Ἀργυρόπεζα
598 2070 710 2121 Θέτις
725 2082 734 2093 ·
769 2071 876 2128 μάλα
900 2073 976 2132 γὰρ
1006 2071 1105 2134 φίλος
1127 2068 1227 2124 ἦσθα
1258 2075 1385 2118 θεοῖσιν
1406 2069 1444 2119 6.

200 2285 206 2288 ,
233 2237 272 2283 ι)
297 2237 351 2274 Ad
381 2239 444 2277 eit.
477 2237 521 2275 11.
545 2237 571 2276 1.
695 2236 734 2279 2)
758 2236 822 2274 Od.
851 2235 926 2284 III,
951 2239 1030 2287 509ι
1052 2251 1146 2288 seqq.
1192 2240 1269 2288 adq.
1316 2241 1340 2279 l.
1375 2242 1422 2280 cf.
1457 2243 1610 2283 Nitzsch.

188 2292 237 2337 ὅ)
267 2292 351 2329 Inde
383 2305 405 2328 a
437 2305 487 2330 vs.
515 2305 583 2339 272
621 2290 665 2326 ad
696 2291 780 2326 libri
814 2292 929 2330 finem.
1071 2296 1118 2341 4)
1153 2294 1236 2332 Vid.
1263 2295 1308 2333 Il.
1340 2298 1428 2334 1..1.
1463 2310 1514 2336 vs.
1544 2302 1611 2346 679

191 2354 285 2394 seqq.
360 2391 363 2394 Α
382 2345 423 2394 5)
447 2345 596 2384 Achillis
616 2346 775 2382 umbram
798 2346 1001 2393 alloquitur.
1120 2350 1159 2397 6)
1184 2351 1250 2390 Od.
1271 2351 1382 2389 XXIV
1389 2380 1402 2401 ,
1426 2365 1470 2401 90
1488 2366 1580 2401 seqq.
