1750 3116
584 140 1157 188 HOMERICA.
1548 145 1576 192 3

156 271 216 320 ab
239 270 507 319 hominibus
527 271 617 317 Dei
641 279 771 316 erant
801 269 996 327 diversi,
1022 268 1147 334 quod
1176 271 1228 316 in
1257 271 1393 320 rebus
1420 278 1575 325 omni-

153 336 266 395 bus,
302 334 355 383 ut
376 335 588 382 honestis
610 337 671 382 ita
691 336 865 399 pravis,
899 334 1170 382 mortalibus
1204 339 1538 399 praecellentes
1555 381 1570 402 ,

154 411 289 467 atque
330 401 636 459 immortales,
681 418 890 448 securam
946 401 1088 449 vitam
1144 400 1369 449 ducerent
1408 415 1456 452 et
1506 408 1568 456 ab

156 468 285 514 omni
313 475 442 531 parte
470 466 669 514 beatam.

217 535 262 591 ἓ.
293 535 340 594 4.
417 533 640 598 Princeps
681 534 733 580 in
765 531 893 597 poe'si
931 531 1161 578 Homerus
1202 531 1336 580 nobis
1375 537 1424 582 in
1461 539 1568 585 uni-

153 614 284 645 versa
323 599 410 645 hac
451 599 839 646 commentatione
885 596 980 643 dux
1016 598 1103 643 erit
1125 605 1187 643 *et
1215 609 1399 658 auctor,
1435 605 1569 665 cujus

153 664 372 728 quidem,
408 681 525 730 quae
560 664 696 712 nobis
737 664 893 712 relicta
921 661 1227 726 gratulamur,
1263 667 1467 713 earmina
1499 668 1570 714 di-

151 730 256 776 vina
291 729 340 776 in
373 729 583 778 heroicae
623 730 743 777 illius
790 729 951 776 aetatis
998 745 1104 774 cum
1142 730 1303 777 ceteris
1347 732 1573 781 institutis

151 802 254 840 tum
307 796 447 841 sacris
487 797 627 842 etiam
669 793 987 842 describendis
1028 794 1092 839 ita
1134 793 1342 858 religiose
1387 815 1573 863 semper

154 859 363 922 consulta
392 861 537 906 secuti
575 878 762 917 sumus,
798 869 874 917 ut,
923 857 1088 906 rivulis
1128 859 1277 923 iisque
1320 862 1573 913 admodum

153 941 290 989 saepe
320 925 521 973 turbidis
557 924 808 990 neglectis,
837 942 892 972 ex
922 925 1023 989 ipso
1055 924 1181 971 fonte
1211 927 1536 991 limpidissimo
1555 969 1571 990 ,

150 1006 270 1050 quae
296 990 439 1038 studii
465 993 612 1039 nostri
639 993 761 1038 sitim
785 991 1049 1055 explerent,
1078 989 1384 1041 hauriremus.
1440 999 1572 1056 Quae

151 1053 277 1102 dicta
303 1072 363 1102 ne
390 1057 454 1103 ita
475 1057 536 1104 de
565 1058 705 1104 sacris
735 1056 873 1103 rebus
891 1056 1213 1120 interpreteris
1238 1057 1403 1120 velim,
1441 1065 1574 1128 quasi

151 1137 336 1179 omnes,
362 1139 477 1188 quos
503 1124 636 1171 variis
663 1123 774 1170 locis
788 1123 932 1169 Poeta
951 1122 1191 1186 dispersit,
1213 1123 1335 1170 Deos
1355 1126 1404 1172 in
1424 1145 1576 1176 unum

150 1186 364 1250 colligere
400 1198 447 1235 et
487 1189 580 1236 suis
612 1205 844 1254 quemque
880 1187 1036 1249 elogiis
1060 1186 1291 1249 sigillatim
1309 1190 1573 1242 describere

151 1252 496 1300 constituerim:
522 1254 572 1300 id
601 1255 727 1300 enim
746 1253 933 1316 longum
953 1262 1071 1299 esset
1090 1262 1176 1299 eta
1201 1255 1388 1302 consilio
1415 1268 1574 1316 nostro

151 1316 378 1366 alienum:
416 1336 594 1364 summa
623 1319 782 1380 legisse
813 1319 965 1381 capita
987 1327 1033 1364 et
1060 1336 1178 1383 quae
1199 1318 1260 1365 ad
1289 1322 1575 1372 Graecorum

153 1382 347 1430 Homeri
382 1392 527 1430 aetate
557 1384 614 1429 de
648 1384 748 1429 Diis
778 1384 1047 1447 opinionem
1069 1385 1333 1448 pertineant
1362 1390 1574 1438 universe

157 1449 392 1494 monuisse
429 1449 638 1496 sufliciat.

219 1516 261 1569 ἓ.
297 1514 342 1561 5.
420 1514 598 1561 Horum
638 1513 750 1561 alios
791 1517 974 1580 majore
1011 1515 1139 1563 cultu
1185 1527 1231 1565 et
1276 1521 1573 1570 veneratione

152 1578 553 1644 prosequebantur
574 1580 769 1638 Graeci,
804 1581 980 1626 minore
998 1579 1129 1628 alios.
1182 1584 1397 1633 Diversas
1422 1596 1576 1636 tamen

153 1645 359 1692 Deorum
390 1643 553 1693 classes
573 1644 676 1699 illas
698 1644 994 1707 ignorabant,
1032 1664 1148 1710 quae
1172 1659 1328 1713 postea
1347 1654 1575 1700 constitu-

153 1718 225 1756 tae
251 1718 375 1759 sunt.
435 1711 574 1758 Unus
602 1712 721 1757 Zeus
747 1711 882 1773 longe
910 1714 1078 1759 ceteris
1102 1724 1356 1779 potestate,
1394 1718 1574 1767 fortitu-

151 1775 264 1822 dine
293 1784 340 1821 et
376 1778 645 1824 auctoritate
681 1776 889 1834 excellit,
938 1795 1080 1842 quem
1129 1782 1288 1827 cuncti
1338 1794 1573 1832 verentur.

152 1839 453 1905 Reliquorum
481 1842 680 1906 aequalis
710 1843 803 1888 fere
836 1851 906 1888 est
940 1844 991 1889 in
1028 1861 1107 1889 sua
1137 1849 1357 1910 cujusque
1386 1850 1574 1914 imperii

151 1916 284 1972 parte
309 1907 381 1952 vis
407 1915 454 1952 et
481 1916 699 1970 potestas
775 1907 846 1952 De
888 1907 1052 1954 Geniis
1088 1918 1135 1955 et
1163 1910 1421 1972 Hero'ibus,
1454 1933 1571 1981 quos

149 1972 426 2018 recentiores
466 1973 653 2037 proprie
698 1971 760 2017 ita
805 1980 992 2029 vocant,
1028 1974 1078 2020 in
1112 1974 1317 2023 Homero
1364 1996 1424 2025 ne
1473 1999 1576 2029 ver.

151 2036 265 2084 bum
293 2037 498 2101 quidem.
558 2044 746 2099 Δαιμονας
784 2038 911 2084 enim
946 2040 1198 2101 generatim
1240 2042 1352 2090 dicit
1380 2046 1503 2094 Deos
1531 2056 1571 2109 ¹,

150 2112 199 2150 et
233 2107 386 2167 Ἥρωες
436 2111 543 2150 sunt
586 2103 797 2149 homines
853 2105 1023 2151 virtute
1067 2105 1138 2152 vel
1169 2125 1443 2177 quacunque
1491 2113 1572 2161 de-

152 2185 286 2216 mum
321 2178 416 2215 arte
453 2177 750 2233 praestante&
813 2169 917 2229 Quo
951 2171 1139 2217 nomine
1174 2174 1339 2222 Graeci
1372 2176 1447 2225 vel
1487 2198 1570 2227 au-

153 2243 300 2282 ctores
330 2249 435 2280 suos
462 2234 535 2284 vel
562 2234 854 2299 potissimum
884 2251 1041 2299 reges,
1076 2237 1284 2287 vindices
1313 2259 1365 2288 ac
1394 2261 1570 2310 propu-

152 2308 365 2364 gnatores
397 2300 677 2366 omninoque
706 2300 883 2348 meritis
926 2303 1116 2350 eximios
1145 2308 1267 2353 viros
1296 2307 1564 2371 coluerunt,

308 2383 316 2392 ⁶
1456 2394 1569 2441 quos

196 2480 212 2503 1
227 2467 374 2512 )‘Quasi
397 2469 582 2513 δαήμονας
597 2497 606 2514 ,
631 2468 694 2503 sati
718 2468 958 2505 distributores
984 2478 1018 2505 et
1041 2471 1349 2512 administratores.
1398 2478 1470 2512 Vox
1494 2479 1569 2513 ita-

151 2535 216 2568 que
242 2523 382 2564 δαίμων
404 2523 448 2558 ΙΙ.
470 2523 558 2569 VII,
582 2537 660 2569 291.
685 2523 801 2568 XVII,
826 2527 881 2570 98.
905 2525 999 2570 XIX,
1018 2529 1080 2561 118
1105 2535 1139 2561 et
1161 2529 1335 2565 similibus
1355 2530 1439 2566 loeis
1461 2535 1564 2578 (quae

148 2573 306 2612 nonnulli
337 2577 379 2612 de
414 2585 533 2624 postea
564 2579 614 2615 ita
641 2577 742 2615 dietis
768 2578 990 2616 daemonibus
1026 2582 1322 2630 interpretantur)
1360 2586 1452 2621 idem
1478 2588 1568 2624 valet

150 2630 241 2676 quod
260 2632 359 2671 θεός.
969 2682 1008 2729 A

1042 2699 1070 2729 2
