1780 3120
629 123 1237 188 normarum:
1557 141 1622 207 39

195 268 400 320 tionibus
429 269 570 318 fidem
598 277 798 333 negent,
834 277 935 315 tum
969 266 1056 315 sibi
1091 264 1269 331 ingrata
1303 264 1609 320 vaticinantes

193 335 488 386 contumeliis
521 345 718 383 onerent
743 344 790 381 et
812 332 1087 399 opprobriis,
1592 341 1602 347 '

257 403 298 466 ξ.
334 419 380 451 2.
449 402 675 449 Omnium
696 400 1088 466 praestantissima
1111 396 1335 446 divinatio
1351 399 1463 459 fuit,
1491 414 1607 467 quae

191 485 359 515 arcano
390 468 595 514 numinis
622 468 847 513 instinctu
876 464 1013 512 fiebat
1031 503 1042 523 ,
1077 482 1186 511 cum
1215 464 1368 510 furore
1401 466 1605 529 plerum-¹

189 550 281 598 que
310 536 584 598 conjuncta,
633 533 759 579 unde
794 532 875 598 qui
903 532 964 578 ita
1009 531 1159 578 futura
1204 529 1481 595 praedicunt
1515 545 1609 593 μαίν-

185 616 258 653 τεις
283 610 300 634 1
338 598 558 646 dicuntur
592 607 638 645 et
671 597 901 659 hahentur
928 597 1056 644 ἔνθεα.
1123 596 1261 642 Sacro
1294 595 1360 643 illi
1395 606 1441 643 et
1482 607 1608 646 certo

187 663 290 711 loco
331 663 592 728 degebant,
627 681 717 728 quo
762 673 815 711 ut
859 669 1036 729 ὑπεφῆται
1066 677 1285 726 responsa
1318 680 1342 708 a
1377 662 1478 710 Deo
1520 664 1609 712 sibi

188 729 313 776 edita
349 729 695 777 consulentibus
741 729 1054 777 enuntiarent.
1129 726 1373 793 Ejusmodi
1423 729 1608 778 oracula

223 796 397 842 uamvis
425 793 563 858 plura
592 795 709 841 forte
739 795 938 852 fuerint,
973 795 1180 840 Homero
1209 792 1462 841 celebriora
1498 805 1609 844 sunt

184 812 296 908 guo,
363 859 574 907 Alterum
596 862 675 907 Zei
701 859 969 917 Dodonaei,
1007 863 1135 924 cujus
1159 876 1267 906 cura
1298 858 1427 905 Sellis
1451 873 1473 896 2
1495 862 1609 922 suit,

185 926 267 989 qui
295 923 440 972 vitam
470 934 700 973 austeram
733 935 781 972 et
809 944 834 972 a
866 927 1101 972 communi
1136 943 1223 971 usu
1253 923 1483 973 diversam
1507 943 1610 991 age-

182 988 326 1049 bant,
361 994 615 1052 ἀυιπτέπσὸες,
650 1001 876 1054 χαμαιεῦναι
899 991 942 1049 3,
980 1008 1068 1057 qua
1105 991 1361 1037 sanctitatis
1393 991 1481 1039 sibi
1506 1009 1613 1057 spec

181 1057 303 1102 ciem
338 1065 385 1103 et
419 1057 591 1104 famam
633 1057 977 1104 contraherent.
1046 1057 1138 1103 Per
1171 1073 1398 1121 quercum
1430 1057 1500 1104 ibi
1535 1074 1607 1103 re-

180 1137 347 1185 sponsa
390 1122 676 1182 edebantur,
721 1131 774 1169 ut
811 1120 1012 1188 probant
1041 1137 1157 1189 quae
1192 1121 1251 1167 de
1287 1121 1454 1186 Ulysse
1495 1121 1604 1187 legi-

179 1202 317 1234 mus:

371 1256 445 1300 Τόν
475 1255 511 1301 δ’
529 1260 564 1310 ἐς
590 1256 774 1309 Δωδώνην
796 1263 887 1320 φάτο
904 1259 1094 1315 βήμεναι,
1123 1251 1224 1317 'eppa
1251 1255 1358 1299 Θεοῖο

370 1316 449 1364 Ἐκ
475 1322 579 1383 δρυὸς
602 1326 786 1381 ὑψικόμσιο
807 1326 891 1373 Διὸς
919 1324 1056 1378 βουλὴν
1084 1324 1268 1379 ε’πακσὺσῃ
1292 1319 1339 1352 4·

172 1380 332 1430 Procis
365 1381 635 1432 Telemachi
668 1400 833 1430 necem
868 1382 1141 1432 dissuadens
1171 1383 1536 1446 Amphinomus,

307 1483 565 1496 ......
599 1460 758 1512 πρῶτα,
796 1451 972 1514 inquit,
1010 1454 1100 1495 θεῶν
1131 1453 1313 1510 εἶρώμεθα
1337 1452 1500 1507 βσυλάς·

301 1513 362 1559 Εἰ
388 1521 478 1575 μέν,
512 1516 545 1561 κ’
566 1519 745 1567 αἰνήσωσι
772 1518 859 1567 Διὸς
884 1518 1053 1577 μεγάλοισ
1086 1519 1256 1574 θέμιστες
1277 1551 1288 1571 ,

305 1578 423 1634 Αὐτός
447 1600 486 1626 τε
515 1587 647 1627 κτενέω
668 1617 680 1637 ,
716 1585 794 1633 τοὺς
830 1582 861 1626 τ’
886 1581 1019 1634 ἄλλους
1046 1587 1185 1632 πάντας
1212 1581 1370 1633 ἀνώξω·

302 1646 356 1690 Εἰ
374 1647 414 1692 δὲ
441 1648 475 1691 κ’
500 1653 749 1708 ἀποτωρπῶσι
779 1650 850 1692 θεοὶ
870 1683 881 1701 ,
917 1650 1134 1692 παύσασθαι
1165 1644 1292 1706 ἄνωγα
1313 1645 1352 1691 5.

170 1707 383 1756 Alterum
421 1710 776 1758 celeberrimum
822 1719 920 1757 erat
962 1709 1193 1776 Apollinis
1235 1709 1391 1774 Pythii
1439 1726 1595 1759 oracu-

171 1771 301 1833 lum,
334 1775 460 1840 quod
484 1775 778 1823 consulturus
806 1776 919 1824 adiit
955 1778 1303 1839 Agamemnon:

299 1843 422 1886 Πυθοῖ
454 1847 491 1887 ἐν
521 1847 658 1904 ἠγαθέῃ
679 1878 691 1899 ,
722 1843 777 1887 ‘0'9'
802 1845 947 1905 ὑπέρβη
973 1845 1092 1887 λάϊνον
1123 1843 1223 1887 οὐδὲν

300 1908 538 1967 Χρησόμευος
558 1924 568 1933 ·
603 1914 684 1953 τότε
712 1911 787 1968 γὰρ
809 1910 860 1969 ῥα
889 1910 1071 1953 κυλίνδετο
1097 1914 1264 1965 πήματος
1291 1911 1395 1967 ἀρχὴ

298 1972 435 2032 Τρῶσί
449 1991 489 2018 τε
511 1978 573 2020 καῖ
596 1974 800 2029 Δαναοῖσι,
837 1975 923 2027 Διὸς
950 1974 1112 2035 μεγάλου
1134 1974 1195 2019 διὰ
1218 1973 1357 2029 βουλάς
1381 1972 1418 2017 6.

1467 2035 1508 2101 ς.
1546 2037 1597 2086 3.

214 2167 251 2212 1)
275 2167 328 2203 De
351 2180 418 2215 qua
437 2179 470 2205 v.
503 2168 573 2202 vid.
604 2167 715 2214 Heyn.
748 2167 832 2204 Var.
862 2168 973 2203 Lectt·
999 2174 1034 2201 et
1065 2167 1206 2202 Observ.
1232 2166 1275 2202 ad
1307 2166 1351 2202 Il.
1372 2165 1411 2213 I,
1436 2170 1478 2204 62
1501 2180 1596 2213 seqq.

166 2220 206 2266 2)
232 2222 312 2258 vid.
327 2222 368 2257 de
390 2222 491 2257 Sellis
514 2222 558 2258 Il.
582 2222 681 2268 XVI,
704 2224 780 2258 254.
795 2222 872 2268 adq.
896 2223 921 2259 l.
945 2222 991 2257 cf.
1017 2222 1163 2266 interpr.
1256 2221 1293 2265 3)
1318 2221 1360 2257 Il.
1385 2222 1486 2267 XVI,
1511 2224 1594 2258 235.

166 2274 221 2309 De
239 2276 301 2310 Zei
322 2276 501 2312 Dodonaei
523 2276 663 2311 oraculo
699 2276 744 2312 cf.
766 2277 878 2322 Heyn.
913 2276 1053 2312 Excurs.
1085 2276 1132 2313 ΙΙ.
1157 2275 1199 2310 ad
1227 2275 1270 2312 Il.
1294 2275 1318 2310 l.
1338 2276 1363 2312 l.
1389 2276 1474 2321 ibiq.
1500 2283 1595 2313 auct.

165 2330 228 2365 cit.
247 2337 282 2364 et
302 2331 446 2377 interpr.
492 2331 577 2366 Inde
601 2333 691 2366 Zeus
711 2331 839 2366 dicitur
871 2336 1120 2376 πανομφαῖος,
1144 2331 1187 2367 11.
1205 2330 1312 2375 VIII,
1336 2333 1413 2367 250.
1440 2330 1482 2364 ad
1512 2342 1544 2374 q.
1564 2329 1589 2366 l.

166 2383 235 2420 vid.
253 2383 412 2423 Eustath.
438 2386 481 2423 cf.
507 2387 634 2432 Hymn.
662 2386 700 2421 in
728 2387 850 2423 Herm.
884 2398 932 2424 vs.
953 2388 1033 2431 459.
1049 2414 1058 2431 ,
1081 2386 1137 2420 cui
1160 2397 1220 2420 ara
1245 2394 1415 2420 exstructa
1436 2393 1470 2419 et
1491 2397 1588 2418 sacra

167 2437 210 2471 ab
237 2438 375 2475 Achivis
407 2440 523 2476 oblata
552 2442 701 2477 fuerunt.
748 2440 830 2474 Vid.
861 2440 904 2477 11.
927 2441 950 2477 l.
970 2441 994 2476 l.
1112 2441 1150 2484 4)
1177 2440 1241 2474 od.
1274 2440 1378 2483 XIV,
1404 2442 1467 2482 527
1492 2451 1588 2484 seqq.

164 2490 210 2527 cl.
234 2491 308 2527 XIX
323 2522 333 2539 ,
356 2497 421 2541 296
445 2508 538 2542 seqq.
671 2496 710 2539 5)
734 2495 798 2532 od.
821 2495 925 2540 XVI,
948 2497 1014 2529 402
1038 2506 1131 2542 seqq.
1257 2494 1295 2537 6)
1321 2494 1385 2529 Od.
1412 2493 1518 2537 wll,
1544 2505 1588 2537 79

163 2555 258 2591 seqq.
303 2547 357 2582 De
379 2550 506 2596 templo
537 2550 681 2586 Homeri
701 2550 772 2595 jam
795 2558 907 2587 aetate
941 2548 1117 2596 opulentia
1145 2548 1274 2595 insigni
1302 2557 1335 2583 ct
1361 2548 1493 2583 divitiis
1514 2547 1585 2587 vid,

165 2597 205 2643 ss.
230 2583 297 2647 IX,
320 2604 387 2638 404
409 2616 503 2652 seqq.

1060 2664 1096 2710 c
1131 2663 1162 2724 4
