1750 3116
133 153 239 178 mn
488 122 718 173 omnis
767 132 1199 174 CONSPECTUS.

219 253 264 285 ris
297 259 393 284 causa
425 249 529 288 major
546 248 691 282 carnium
720 257 819 288 pars,
847 255 972 289 tergum
998 247 1166 289 inprimis,
1200 247 1404 290 donabatur.
1425 248 1470 284 ei

219 318 284 349 qua
305 316 413 340 tamen
439 314 530 345 parte
552 306 711 345 quaedam
742 304 810 336 suis
836 304 1103 344 dilargiebantur.
1271 326 1284 337 .
1370 316 1446 348 pag,
1474 307 1547 350 ¹5⁶·

252 366 283 411 ἓ.
307 368 342 399 ὁ.
388 363 529 407 Kainon
551 360 702 394 convivis
723 359 862 401 singulis
886 368 928 392 ex
951 369 1056 398 aequo
1083 360 1114 391 in
1139 359 1257 397 δέπας
1278 360 1390 392 vinum
1410 362 1459 393 in·
1504 351 1509 354 ⁹

217 421 384 459 fundunt,
405 427 424 450 a
450 418 566 449 dextra
590 415 740 448 ordinem
764 416 947 456 ducentes3
978 415 1102 453 majora
1125 422 1207 447 vero
1228 417 1348 454 pocula
1371 419 1461 456 pn'n-

219 474 348 516 cipibus
372 471 594 503 tradebantur.
688 491 700 503 .
770 484 773 487 ¹
836 492 848 504 .
977 492 988 503 .
1133 490 1149 503 0
1276 489 1288 502 .
1416 491 1428 504 .
1473 472 1549 512 158.

249 532 280 577 ἓ,
303 538 337 570 7.
383 526 508 558 Poculo
535 527 650 559 dextra
672 528 735 560 sibi
760 529 883 560 tradito
903 528 1134 568 propinabant.
1275 545 1287 557 .
1415 547 1426 558 .
1473 536 1547 567 159·

249 588 280 633 ἓ.
303 588 336 619 8.
385 585 421 615 In
440 583 543 623 epulis
568 585 680 623 varia,
704 592 777 614 cum
799 585 882 615 seria
897 593 973 614 <tum
989 583 1084 620 jocos
1100 606 1110 622 ‚
1132 582 1218 615 inter
1235 592 1272 615 se
1294 584 1465 622 serebant,

221 645 326 682 deque
353 642 451 673 rebus
473 639 571 672 etiam
593 638 795 679 gravissimis
819 639 955 670 consilia
976 639 1114 673 inibant.
1171 641 1300 681 Quibus
1325 642 1463 674 accede·

220 700 301 730 ba'nt
322 694 475 734 musica,
505 693 661 732 saltatio,
693 700 836 726 tesserae
852 718 864 734 ‚
887 694 974 736 alia,
1006 705 1090 735 quae
1118 695 1272 728 convivia
1302 696 1465 728 exhilara·

219 762 309 787 rent.
423 773 434 784 .
565 771 577 783 .
706 772 718 783 .
852 774 863 784 .
996 773 1010 786 .
1138 775 1149 786 .
1277 774 1289 785 .
1418 774 1429 785 .
1477 763 1549 796 159.

251 810 284 856 ἓ,
309 820 343 850 9.
389 808 458 841 Ubi
492 807 611 841 famem
634 807 790 848 sitimque
819 806 1062 848 expleverant,
1095 807 1320 841 discedebant.
1375 808 1466 840 Ante

172 868 181 877 ·
220 865 399 897 discessum
428 869 509 896 vero
535 864 661 904 linguas
685 864 867 902 secabant,
891 864 932 895 de
959 869 1024 904 quo
1051 864 1116 896 ritu
1143 865 1289 905 pluribus
1322 864 1468 905 disputa-

225 928 299 959 tur,
313 918 431 958 quibus
451 919 490 950 de
508 920 662 952 libatione
681 920 712 951 in
735 919 897 952 conviviis
913 919 998 950 facta
1018 921 1176 959 quaedam
1198 919 1429 961 adjunguntur.
1477 919 1550 952 160.

252 970 284 1020 §-
311 982 362 1007 10.
410 974 474 1005 Pro
497 982 532 1005 re
553 982 626 1004 nata
648 974 802 1005 convivia
821 974 874 1009 vel
893 975 1119 1014 producebant
1138 975 1194 1007 vel
1215 975 1466 1007 contrahebant.

217 1032 256 1064 In
286 1029 381 1062 festis
400 1036 479 1061 'ante
508 1037 640 1060 noctem
663 1028 831 1060 discedere
864 1030 966 1061 moris
992 1030 1092 1063 fuisse
1120 1032 1288 1065 videntur.
1422 1053 1434 1064 .
1479 1032 1552 1066 161.

255 1087 363 1132 §.'11·
411 1085 480 1118 Ubi
506 1084 669 1118 convivae
695 1083 862 1123 abierant,
893 1092 1025 1118 mensae
1048 1094 1083 1118 et
1110 1088 1256 1128 reliqua,
1278 1088 1398 1128 quibus
1421 1089 1473 1121 usi

220 1150 339 1182 erant,
364 1153 382 1175 a
409 1141 540 1174 famulis
565 1143 835 1174 removebantur.
989 1162 1001 1174 .
1137 1163 1150 1174 ,
1275 1167 1287 1179 .
1419 1169 1432 1182 .
1479 1147 1553 1182 162.

137 1199 248 1240 Caput
269 1200 334 1231 VI.
379 1198 432 1229 De
457 1197 622 1228 vestibus.

254 1256 287 1301 ἓ.
311 1267 342 1290 1.
387 1255 439 1286 De
463 1253 615 1296 χιτῶνος
639 1254 740 1285 forma
771 1262 806 1286 et
827 1263 888 1286 usu
914 1255 1020 1296 deque
1049 1255 1141 1288 talari
1161 1258 1284 1296 tunica,
1421 1283 1434 1294 .
1479 1262 1555 1295 162·

251 1313 283 1358 ἓ.
305 1325 338 1348 2.
385 1315 434 1345 De
458 1307 620 1350 κλαῑνζῑ,
644 1320 726 1351 quae
747 1310 801 1343 vel
824 1308 940 1352 ‹5ka
955 1311 1008 1343 vel
1022 1309 1168 1353 ἁπλοῖς,
1189 1317 1280 1348 varia
1293 1325 1363 1349 arte
1380 1326 1472 1351 texta

219 1379 255 1404 et
276 1376 390 1403 ornata
407 1375 477 1399 erat
501 1375 539 1397 ac
565 1367 662 1397 fibula
684 1367 982 1409 constringebatur.
1025 1370 1112 1403 Huic
1126 1395 1138 1411 ‚
1161 1379 1200 1403 ut
1222 1374 1342 1404 ceteris
1365 1375 1473 1406 vesti-

216 1428 278 1458 bus
293 1449 306 1466 ,
328 1424 448 1465 pellem
477 1422 640 1454 interdum
665 1423 854 1463 injiciebant
868 1449 880 1465 ‚
915 1435 979 1465 qua
1001 1425 1159 1468 frigorum
1181 1435 1216 1459 et
1237 1434 1471 1467 tempestatum

219 1481 352 1521 injurias
377 1487 540 1512 arcerent.
703 1501 714 1510 .
851 1503 862 1512 .
990 1503 1003 1514 .
1134 1504 1145 1515 .
1260 1498 1287 1516 ·.
1422 1509 1433 1518 .
1480 1489 1556 1528 ¹63·

249 1540 282 1585 ξ,
307 1550 340 1579 3·
389 1542 440 1573 De
476 1535 611 1578 φάρεϊ,
647 1542 713 1573 quo
746 1542 783 1567 ut
819 1535 883 1568 viri
916 1535 962 1568 ita
997 1536 1140 1571 fefifinae
1173 1540 1374 1572 utebantur:
1410 1551 1472 1575 suo

224 1592 365 1635 Ulysses
391 1599 490 1630 caput
512 1599 546 1621 et
568 1591 696 1622 vultum
719 1591 862 1625 obtexit.
995 1613 1007 1624 .
1140 1614 1151 1625 .
1283 1617 1293 1627 .
1423 1617 1434 1628 .
1482 1598 1556 1638 165.

253 1651 285 1696 §-
308 1661 341 1691 4.
386 1651 440 1683 De
462 1644 615 1682 πέπλοις
636 1648 690 1679 vel
712 1644 857 1688 ἑανοτς,
880 1657 990 1681 earum
1017 1648 1141 1689 forma,
1164 1651 1300 1683 materia
1321 1660 1356 1685 et
1375 1662 1471 1685 orna-

219 1709 365 1741 mentis:
401 1709 440 1740 de
463 1705 636 1749 περόναις
657 1714 690 1739 ct
727 1703 870 1747 κληῖσιν
896 1701 1154 1745 ἐϋγνάμπτοις.
1277 1728 1289 1738 .
1370 1732 1374 1739 ,
1422 1729 1432 1740 .
1482 1707 1556 1741 166.

252 1761 285 1807 g.
309 1778 343 1809 5.
388 1769 437 1799 De
472 1763 589 1805 ζώνης
623 1763 752 1804 forma,
781 1762 980 1795 ornamentis
1005 1770 1040 1794 et
1066 1762 1222 1796 induendi
1251 1763 1403 1798 rationes
1433 1766 1473 1795 ab

222 1818 261 1855 ea
284 1821 392 1853 diffm
415 1821 498 1862 ἱμὰς
521 1820 661 1857 κεστός.
712 1840 724 1852 .
857 1841 869 1851 .
1004 1838 1016 1851 ο
1140 1841 1153 1851 .
1284 1841 1296 1851 .
1427 1841 1439 1851 .
1485 1820 1545 1863 167

255 1877 290 1923 ἓ.
313 1876 348 1911 6.
389 1878 441 1909 De
470 1875 636 1912 ὀθόναις.
703 1895 714 1906 .
847 1894 859 1906 ι
994 1894 1006 1906 .
1139 1894 1151 1906 .
1280 1894 1294 1907 ο
1426 1898 1438 1910 ,
1484 1879 1559 1920 169.

258 1934 291 1978 ς.
315 1942 348 1973 7.
394 1932 446 1965 De
469 1931 568 1975 πὴρῃ
585 1954 596 1970 ,
622 1927 748 1961 vilioris
774 1928 966 1963 vestimenti
991 1939 1136 1972 genere,
1160 1932 1200 1964 de
1224 1942 1263 1965 ea
1286 1933 1319 1965 in
1341 1932 1474 1974 primis,

225 1998 322 2029 quam
352 1989 493 2027 U!yfses
519 1986 688 2020 mendicus
713 1985 874 2017 induerat.
988 2008 999 2018 .
1132 2009 1144 2020 .
1284 2011 1295 2021 .
1423 2009 1434 2020 .
1484 1989 1557 2030 169.

141 2040 252 2088 Caput
275 2047 356 2077 VII.
403 2046 456 2077 De
485 2045 601 2086 capitis
635 2052 668 2076 et
694 2043 814 2083 pedum
839 2039 1056 2083 indumento,
1085 2043 1223 2084 aliisque
1250 2043 1398 2083 corporis
1422 2052 1475 2076 or·

314 2110 489 2134 namentxs.

258 2158 288 2203 §-
315 2166 345 2189 1.
388 2157 423 2187 ln
445 2154 560 2196 capitis
582 2154 803 2196 tegumentis,
827 2154 867 2185 de
895 2153 1045 2186 femineis
1066 2154 1273 2195 potissimum
1296 2153 1474 2186 videndum

229 2223 304 2247 cst:
328 2212 391 2244 viri
413 2213 498 2244 enim
520 2214 638 2243 heroes
660 2210 692 2241 in
713 2208 807 2241 bellis
833 2209 900 2242 fere
921 2212 1072 2252 occupati
1096 2222 1160 2243 non
1186 2212 1246 2243 nisi
1266 2210 1355 2251 galea
1377 2219 1475 2250 caput

228 2272 397 2311 tegebant.
444 2270 504 2300 His
525 2267 678 2299 nonnulla
698 2268 737 2298 de
760 2267 888 2299 LaErtis
912 2268 1037 2314 αἷγείῃ
1062 2269 1169 2314 κιννέῃ
1189 2268 1438 2300 subnectuntur.
1485 2276 1559 2308 ¹70·

262 2325 293 2370 ἓ.
316 2336 349 2358 2·
394 2324 445 2355 D:
473 2324 642 2356 mulierum
675 2324 791 2361 capitis
817 2325 1041 2363 ornamentis,
1077 2335 1159 2364 quae
1186 2331 1259 2354 sunt
1284 2321 1476 2365 δέσματα,

233 2379 380 2423 ἔριπυξ,
406 2377 655 2422 κεκρύφαλος,
687 2376 828 2421 πλεκτὴ
859 2377 1049 2422 ἀιάδέσμη
1073 2388 1105 2411 ct
1131 2378 1332 2423 κρήδεμνος
1354 2391 1381 2413 s.
1408 2390 1475 2410 κα-

230 2440 391 2484 Mareu,
457 2461 468 2470 .
601 2458 611 2468 .
702 2458 713 2468 .
848 2460 858 2469 .
992 2461 1002 2471 .
1137 2460 1148 2471 .
1286 2458 1296 2468 -
1427 2459 1437 2470 .
1485 2447 1559 2480 170·

261 2500 293 2544 ἓ,
320 2509 352 2537 3,
397 2493 564 2526 Auriculis
585 2491 736 2523 mulieres
765 2491 952 2527 inserebant
975 2490 1116 2539 ἕρματα
1139 2492 1319 2538 τρίγληνα
1335 2519 1344 2536 ‚
1369 2491 1479 2537 μορό-

234 2564 324 2588 εντα
340 2562 372 2588 et
389 2547 510 2585 ἕλικας
533 2548 738 2588 γναμπτάς.
781 2549 818 2580 In
847 2550 996 2581 muliebri
1023 2558 1186 2588 practerea
1209 2550 1329 2580 mundo
1361 2557 1476 2580 recen·

231 2605 505 2650 ςςῃωγπόρπαι,
521 2602 673 2641 κάλυκες
695 2615 727 2639 et
750 2602 873 2648 ὅρμοι,
888 2607 926 2637 de
941 2604 1058 2645 quibus
1079 2604 1234 2644 quaedam
1250 2612 1438 2637 monentur.
1487 2613 1558 2646 172.

1468 2660 1501 2700 §-
1524 2672 1559 2700 4.
