1780 3120
231 170 295 235 φ
585 134 1267 227 ANTiQUITAS

227 296 318 347 sibi
337 296 621 365 parantibus,
656 306 815 346 auctor
833 296 969 345 nobis
990 307 1060 346 est
1081 298 1379 366 Thucydides
1401 310 1437 347 ¹.
1504 300 1638 349 Post}

228 382 366 430 quam
384 373 535 413 autem
553 364 781 427 Cecrops,
819 362 1021 410 Cadmus
1039 401 1051 418 ,
1076 364 1261 412 Danaus
1275 404 1287 424 ‚
1323 366 1396 412 alii
1423 367 1471 412 in
1491 367 1636 413 Grae·

230 430 350 476 ciam
383 428 563 475 colonos
593 427 915 486 deduxerunt,
955 427 1261 491 agriculturae
1298 431 1449 478 studio
1484 432 1636 478 imbu-

225 502 298 540 tos
331 493 532 541 Graecos
560 496 784 559 majorem
823 494 997 540 sensim
1025 495 1301 540 commercio
1328 513 1517 559 operam
1552 498 1637 542 de-

223 559 347 606 disse
392 567 568 605 constat
601 558 723 604 inter
764 575 939 605 omnes.
1012 559 1203 605 Homeri
1246 576 1359 606 aevo
1403 563 1513 608 satis
1549 562 1640 607 sre-

225 640 374 690 quens
411 626 508 686 ejus
548 640 657 670 usus
698 622 806 681 fuit,
842 640 930 670 nec
973 623 1024 669 in
1057 624 1248 670 Graecia
1282 633 1438 670 tamen
1461 638 1506 682 2,
1557 625 1639 672 sed

227 689 300 738 vel
334 691 531 736 maxime
558 689 610 734 in
636 687 841 735 barbaris
861 726 872 747 ,
907 698 1020 752 quas
1047 688 1276 735 fastidiose
1307 689 1371 736 illi
1405 689 1644 748 dicebant,

227 753 509 819 regionibus.
575 753 676 800 Etsi
716 755 838 800 enim
866 754 1033 801 Achivi
1061 769 1086 799 e
1117 754 1315 801 Thracia
1347 754 1551 819 quotidie
1577 757 1646 801 vi-

229 837 346 868 num
375 818 568 866 navibus
611 819 664 865 in
705 827 850 865 castra
891 818 1128 865 advexisse
1174 819 1435 865 dicantur3
1478 818 1644 883 (quod

230 884 360 947 haud
381 885 476 931 scio
498 900 557 930 an
580 900 729 930 unum
750 884 875 931 sitin
897 884 1090 930 Homeri
1113 884 1397 931 carminibus
1420 883 1479 929 de
1498 884 1646 931 Achi-

231 967 398 997 vorum
435 949 728 1012 navigatione
768 958 815 994 et
854 958 1110 995 mercatura
1146 950 1509 1011 testimonium),
1542 949 1648 995 bar-

231 1015 334 1063 bari
365 1013 459 1060 fer‘e
488 1023 618 1073 sunt,
652 1013 735 1076 qui
766 1023 1053 1060 mercaturae
1082 1013 1220 1060 laude
1251 1023 1298 1060 et
1325 1032 1412 1061 usu
1442 1014 1644 1076 insignes

231 1079 529 1128 celebrantur
549 1079 588 1126 4.
666 1079 820 1144 Hujus
868 1095 1023 1125 amore
1068 1088 1223 1143 captos
1262 1095 1352 1125 nec
1401 1077 1644 1124 commoda

229 1146 473 1194 latuerunt
496 1144 662 1192 exinde
689 1142 914 1209 petenda,
951 1161 1067 1210 quae
1092 1145 1272 1207 cognita
1289 1143 1352 1191 ita
1377 1144 1649 1191 adamarunt.

233 1221 288 1258 ut
310 1229 336 1259 a
362 1212 505 1258 Poeta
531 1223 742 1274 πρηκτῆμτς
765 1208 787 1243 5
815 1207 1109 1268 dicerentur,

366 1282 421 1323 Οἱ
444 1280 513 1337 μὲν
544 1282 603 1322 ἐπὶ
630 1277 765 1339 πρῆξιν
790 1280 855 1321 καὶ
879 1282 1063 1338 χρήματα
1092 1279 1152 1330 νηῒ
1173 1278 1329 1338 μελαίνῃ

341 1341 511 1388 Ἔπλεον
532 1341 570 1387 6.

235 1408 414 1459 Ceteris
444 1405 763 1455 excelluerunt
787 1403 1047 1453 Phoenices

368 1507 731 1523 ........
766 1475 996 1518 musculum
1031 1505 1043 1517 .
1082 1507 1092 1516 .
1130 1507 1142 1520 .
1180 1507 1192 1517 .
1227 1470 1358 1535 ἄνδρες

367 1543 569 1602 Τρῶκται,
603 1539 707 1600 μυρί’
736 1537 883 1598 &fys-arse,
912 1541 1111 1599 ἀθύρματα
1134 1542 1197 1589 νηῒ
1224 1541 1380 1598 μελαίνῃ
1406 1546 1441 1583 7.

237 1603 402 1651 Vestes
438 1603 654 1649 textorias
695 1600 875 1666 aliaque
919 1600 1119 1663 plurima
1166 1601 1298 1647 luxus
1338 1604 1646 1648 instrumenta

235 1671 286 1717 in
317 1679 493 1716 exteras
539 1666 750 1730 regiones
786 1665 1472 1730 exportanda.suppeditabant
1515 1665 1646 1714 Sido·

233 1736 326 1795 nii,
363 1743 416 1782 ut
446 1741 554 1782 sunt

381 1830 690 1847 .......
725 1801 854 1843 πέπλοι
877 1798 1135 1857 παμποίκιλοι,
1166 1795 1261 1858 ἔργα
1290 1807 1471 1859 γυναικῶν

377 1868 546 1913 Σιὸὃνίων
563 1901 574 1920 ‚
609 1869 675 1916 τὰς
704 1866 810 1916 αὐτὸς
837 1864 1078 1923 Ἀλέξανδρος
1099 1863 1252 1914 Θεεειὸἡς

354 1934 510 1995 ”nyye
537 1929 741 1981 Σιδονίηθεν
756 1964 768 1985 ,
800 1930 959 1981 ἐπιπλὼς
980 1931 1087 1990 εὐρέα
1113 1933 1238 1973 πόντον
1260 1925 1298 1974 8.

236 2007 284 2046 et
318 2005 466 2045 crater
493 2001 733 2058 argenteus
751 2030 762 2051 ‚
801 1991 880 2057 qui

283 2168 322 2213 ι)
348 2168 403 2204 Cf.
440 2167 581 2202 omnino
611 2167 758 2212 Goguet.
788 2168 851 2212 Op.
882 2165 908 2200 l·
943 2164 1011 2202 vol.
1034 2164 1065 2199 1.
1103 2164 1179 2201 Lib.
1202 2165 1232 2201 I.
1265 2171 1332 2198 art.
1364 2166 1398 2201 5.
1431 2172 1466 2199 et
1500 2163 1566 2198 vol.
1600 2164 1649 2202 ΙΙ.

241 2224 339 2259 Libr.
362 2222 393 2258 1.
418 2234 448 2256 c.
471 2225 504 2257 4.
529 2221 587 2258 cll.
612 2224 655 2265 L.
674 2221 724 2256 11.
748 2229 832 2257 sect.
851 2234 884 2256 2.
909 2232 940 2254 c.
963 2233 994 2255 1.
1095 2218 1134 2262 2)
1161 2218 1333 2261 Quantum
1354 2218 1492 2264 quidem
1515 2230 1554 2251 ex
1573 2219 1652 2253 110-

240 2277 328 2312 meri
356 2276 566 2312 carminibus
590 2277 718 2323 liquet:
753 2275 844 2321 quod
866 2275 932 2308 rite
961 2272 1171 2318 tenendum,
1193 2285 1233 2306 ne
1256 2273 1332 2318 quis
1359 2281 1573 2307 mercaturae
1593 2285 1661 2317 pe-

234 2332 356 2368 ritiam
375 2343 435 2366 nos
452 2330 594 2365 Graecis
610 2332 766 2366 universe
782 2329 964 2364 detrahere
980 2329 1103 2362 merito
1122 2326 1362 2371 reprehendat.
1459 2326 1496 2371 5)
1523 2326 1565 2362 Il.
1581 2326 1629 2360 lx
1641 2354 1654 2372 ,

241 2399 281 2433 71
306 2398 377 2432 seq.
492 2385 532 2428 4)
558 2384 611 2421 Cf.
629 2384 768 2419 Muller.
794 2384 859 2429 Op.
884 2395 915 2420 c.
939 2382 1004 2418 vol.
1025 2381 1056 2416 Ι.
1091 2393 1125 2426 p.
1145 2392 1190 2415 m.
1214 2381 1277 2415 505
1300 2392 1393 2425 seqq.
1521 2380 1560 2424 5)
1586 2380 1652 2414 Od.

241 2440 332 2475 VIII
349 2467 361 2485 ,
387 2441 463 2476 162.
487 2438 531 2472 ad
558 2450 592 2484 q.
614 2438 637 2475 l.
673 2439 741 2474 vid.
767 2437 848 2472 Ern.
985 2435 1023 2479 6)
1046 2435 1170 2479 IIymn.
1205 2434 1239 2467 in
1269 2435 1381 2478 Apoll.
1415 2446 1464 2470 vs.
1482 2447 1549 2480 :297
1578 2447 1651 2480 seq.

243 2495 281 2544 7)
307 2494 369 2530 Od.
388 2493 471 2538 XV,
494 2495 560 2528 414
580 2504 651 2538 seq.
699 2492 754 2528 Cf.
778 2491 841 2527 Od.
866 2490 965 2535 XIV,
990 2492 1055 2525 288
1079 2501 1170 2533 seqq.
1218 2487 1389 2522 Fallaciae
1427 2488 1656 2533 arguebantur

241 2549 433 2584 Phoenices
451 2576 460 2592 ,
484 2545 595 2593 quod,
619 2559 684 2591 quo
719 2555 831 2581 essent
857 2544 1070 2589 navigaturi,
1100 2550 1231 2576 ceteros
1261 2542 1442 2587 dIIigenter
1473 2541 1656 2586 celabant,

243 2611 284 2638 ut
306 2603 357 2637 ait
380 2601 525 2645 Goguet.
544 2601 609 2646 Op.
634 2601 659 2635 l.
683 2600 750 2634 vol.
772 2599 817 2635 11.
843 2599 881 2635 L.
904 2599 967 2635 IV.
992 2611 1020 2634 c.
1043 2611 1075 2634 2.
1101 2609 1134 2643 p.
1156 2608 1202 2630 m.
1222 2608 1300 2642 277.
1335 2597 1425 2642 quod
1450 2603 1551 2642 caput
1576 2607 1655 2631 cum

243 2670 314 2702 seq.
347 2657 389 2691 de
419 2656 628 2692 Phoenicum
663 2654 877 2700 aliorumque
911 2660 1103 2688 mercatura
1136 2649 1248 2685 adeas.
1363 2650 1402 2694 ὅ)
1427 2650 1472 2688 11.
1491 2649 1563 2696 Vl,
1586 2651 1658 2696 289

244 2721 335 2756 seqq.
