1780 3120
561 141 1158 212 nom'EthA.
1513 185 1576 236 η

159 295 396 363 acceptam
446 292 651 343 referunt
682 304 720 343 ¹.
799 294 876 342 Ex
917 293 1005 342 hae
1052 292 1192 357 igitur
1247 294 1480 361 Apollinis
1527 312 1582 352 et<

159 360 411 410 Artemidis
443 361 493 408 in
517 359 781 408 mortalium
805 362 948 408 vitam
974 367 1200 425 potestate
1224 362 1575 428 explicandum,

161 426 314 492 quod,
348 426 428 490 qui
457 429 686 474 moestitia
711 434 757 472 et
773 424 1108 473 calamitatibus
1136 427 1245 473 victi
1269 428 1355 474 sibi
1383 442 1580 482 mortem

163 501 409 558 exoptant,
445 493 599 540 aliisve
626 492 730 540 odio
760 493 941 538 incitati
971 491 1209 538 interitum
1238 493 1577 560 imprecantur,

162 557 381 624 Ipsorum
405 559 628 606 auxilium
656 557 874 623 precibus
907 555 1152 622 implorare
1181 557 1359 606 soleant
1379 572 1419 609 2.
1483 596 1486 597 γ

407 901 749 952 CAPUT
839 903 1339 954 TERTIUM.

382 1044 448 1074 DE
482 1043 645 1074 LOCIS
678 1042 877 1075 SACRIS
912 1043 981 1073 ΕΤ
1015 1045 1384 1079 SIMULACRIS.

228 1198 274 1253 ἓ.
317 1200 355 1240 1'.
423 1167 546 1242 Ubi
584 1194 664 1257 pio
692 1192 816 1240 Deos
864 1190 995 1240 cultu
1034 1204 1450 1261 prosequerentur,
1486 1199 1590 1251 loca

164 1274 190 1302 a
213 1258 407 1321 profano
441 1277 529 1306 usu
564 1268 769 1323 separata
806 1258 971 1322 primis
1022 1263 1114 1323 jam
1154 1262 1444 1327 temporibus
1486 1266 1591 1331 eligi

165 1332 478 1387 coepta'sunt‚
513 1339 630 1388 quae
662 1339 748 1387 pro
770 1324 894 1369 vario
922 1325 1130 1388 ipsorum
1152 1326 1399 1375 hominum
1430 1331 1556 1379 cultu
1577 1369 1592 1392 ,

164 1389 288 1435 vitae
313 1390 491 1435 ratione
509 1398 645 1452 atque
663 1388 871 1447 aedium,
908 1392 959 1435 in
974 1388 1142 1454 quibus
1173 1392 1263 1457 ipsi
1286 1393 1560 1444 habitabant
1577 1437 1592 1458 ,

164 1454 338 1514 forma,
376 1455 557 1502 diversa
587 1454 727 1500 etiam
753 1454 957 1502 fuerunt.
1024 1456 1256 1504 Altiorum
1285 1469 1441 1506 autem
1468 1462 1592 1510 loco-

157 1522 297 1578 rum,
347 1521 575 1567 montium
621 1519 922 1583 praesertim,
959 1520 1340 1571 inhabitationem
1379 1527 1594 1576 adamare

164 1584 310 1642 Deos,
346 1601 401 1632 ex
436 1583 695 1631 eorundem
715 1586 950 1648 superiora
978 1589 1235 1643 amantium
1260 1599 1425 1639 natura
1447 1596 1595 1661 conji-

163 1649 374 1708 ciebant,
409 1667 502 1716 quo
543 1651 743 1707 factum,
777 1658 831 1695 ut
868 1650 978 1697 dein
1004 1653 1083 1715 qui
1129 1653 1266 1701 urbes
1294 1655 1591 1719 habitabant,

167 1732 244 1762 eas
273 1717 412 1763 etiam
430 1715 704 1762 numinibus
729 1727 1052 1762 consecrarent
1071 1718 1254 1766 sedium
1282 1739 1470 1770 suarum
1486 1743 1594 1790 par..

165 1789 260 1839 tes,
293 1799 411 1846 quae
453 1782 618 1828 ceteris
643 1781 921 1828 eminerent.
994 1783 1189 1831 Homeri
1221 1796 1367 1834 aetate
1407 1791 1597 1839 Graecis

167 1846 256 1892 tria
284 1847 577 1911 potissimum
617 1845 719 1892 loca
757 1855 889 1892 eraut
931 1845 1078 1895 cultui
1115 1849 1273 1898 divino
1301 1866 1594 1918 consecrata,

170 1910 230 1957 de
265 1911 434 1977 quibus
458 1911 706 1957 videamus.
1462 1951 1464 1954 ,

231 1977 274 2039 ζ.
312 1994 357 2024 2.
423 1977 637 2024 Primum
668 1983 820 2023 certae
848 1993 1059 2040 agrorum
1097 1981 1330 2045 portiones
1361 1986 1463 2033 Diis
1491 1987 1593 2035 fue-

167 2051 279 2089 runt
303 2043 503 2101 dicatae,
539 2059 654 2108 quae
681 2051 839 2104 τεμένη,
876 2045 1006 2107 quasi
1039 2056 1274 2108 τετμημέναι,
1303 2049 1362 2098 ab
1388 2052 1594 2102 Homero

171 2106 420 2168 dicuntur,
467 2109 706 2155 communi
737 2125 826 2154 usu
869 2119 1103 2170 exemtae,
1148 2131 1224 2160 ara
1258 2116 1354 2162 fere
1387 2119 1594 2182 insignes

170 2181 217 2219 et
254 2183 385 2238 septo
424 2191 448 2221 a
477 2173 652 2239 reliqua
691 2174 786 2238 agri
814 2184 944 2237 parte
988 2187 1218 2240 separatae
1242 2181 1279 2228 5.
1347 2182 1457 2230 Tale
1501 2186 1595 2231 De-

169 2241 330 2286 metris
362 2257 506 2305 prope
545 2240 778 2304 Phylacen
828 2248 971 2299 τέμενες
1015 2243 1174 2290 fuit4:
1228 2247 1311 2293 Zei
1353 2248 1404 2295 in
1437 2261 1594 2297 monte

171 2303 257 2352 Ida
278 2305 327 2351 5:
364 2304 650 2371 Aphrodites
690 2305 841 2371 Paphi
865 2306 886 2340 6
929 2317 976 2353 et
1002 2308 1213 2373 Sperchii
1247 2311 1374 2361 fluvii
1402 2314 1463 2362 ad
1489 2317 1594 2363 fon-

1526 2391 1595 2429 tes

220 2475 258 2519 1)
283 2474 348 2514 Od.
367 2477 463 2525 XIX,
478 2481 534 2516 86.
558 2477 657 2523 XXI,
675 2491 729 2525 71-
755 2486 790 2513 et
807 2492 894 2526 quae
917 2479 1016 2525 plura
1036 2482 1122 2517 citat
1144 2482 1283 2523 Nitzsch
1304 2484 1347 2519 ad
1362 2486 1425 2523 Od.
1440 2486 1498 2533 ΙΙ,
1513 2489 1594 2534 595.

174 2537 210 2564 et
232 2529 310 2576 HI,
332 2545 410 2579 279.
501 2535 538 2578 2)
565 2534 645 2569 vid.
670 2533 733 2570 Od.
758 2534 873 2580 XVII,
893 2537 955 2571 251
971 2538 1064 2582 ,49:1.
1088 2537 1165 2582 XX,
1189 2541 1244 2574 80.
1270 2539 1367 2575 alibi.
1456 2542 1494 2587 5)
1523 2546 1595 2577 Τε-

174 2583 266 2627 μὲνη
285 2587 442 2623 universe
460 2597 582 2624 notant
603 2590 707 2624 etiam
732 2589 906 2633 quaelibet
931 2590 1006 2625 loca
1030 2594 1204 2631 communi
1224 2605 1287 2627 usu
1310 2603 1441 2632 exemta
1456 2624 1466 2642 ‚
1490 2605 1592 2644 atque

156 2636 277 2683 Diis,
307 2641 464 2688 regibus,
497 2643 657 2679 heroibus
693 2643 833 2678 honoris
865 2657 942 2689 ergo
973 2654 1182 2683 consecrata.
1230 2647 1309 2685 vid.
1335 2649 1448 2689 Schol,
1474 2652 1516 2686 ad
1546 2652 1589 2687 Il.

173 2690 232 2737 II,
257 2695 334 2739 696.
388 2697 441 2734 Cf.
474 2698 568 2733 idem
594 2698 636 2732 ad
667 2697 709 2734 Il.
732 2696 868 2740 XVIII,
892 2701 958 2734 550
993 2708 1027 2734 et
1058 2700 1249 2746 Hesychius
1273 2703 1308 2737 in
1331 2715 1364 2742 v.
1480 2706 1518 2751 4)
1542 2705 1589 2744 Il.

172 2744 229 2792 ΙΙ,
253 2749 332 2794 696.
449 2753 488 2798 5)
513 2754 556 2791 Il,
581 2752 680 2799 VIII,
703 2754 759 2790 48.
894 2753 933 2800 6)
958 2754 1021 2790 Od.
1047 2755 1153 2800 VIII,
1177 2757 1253 2794 563.
