1780 3120
173 155 237 200 ω
529 150 1204 214 ANTIQUITAS

171 287 364 349 κενοτάφια
401 280 630 329 dixerunt.
704 279 864 340 Qualis
910 281 1122 328 Patroclo
1160 282 1248 329 fuit
1277 318 1289 341 ‚
1336 285 1466 348 cujus
1508 298 1583 330 os·-

168 370 248 410 sa,
287 365 392 396 cum
426 346 616 396 Achillis
655 355 760 410 post
793 345 885 391 fata
925 347 1160 393 cineribus
1200 364 1294 393 uno
1338 347 1584 413 sepulchro

169 412 438 472 condenda,
472 413 521 459 in
553 411 689 473 hujus
720 411 920 456 tentorio
952 412 1154 475 reposita
1180 412 1364 460 fuerunt
1388 426 1423 461 1.
1491 413 1585 459 Te-

169 479 410 536 lemacho,
447 478 525 524 ubi
556 476 698 538 patris
738 485 937 523 mortem
980 477 1275 540 cognoverit,
1317 477 1482 526 eadem
1517 478 1586 524 fa-

172 546 335 596 cienda
361 543 597 607 praecepit
617 541 801 591 Athene
822 561 831 588 :

301 613 415 670 Σῇμᾰι
441 616 482 654 τέ
501 615 530 652 οἱ
555 617 712 669 χεῦσαι,
748 612 810 653 καῖ
835 608 897 653 ε’πί
922 612 1053 668 κτέρεα
1081 610 1269 670 κτερεΐξαι
1291 618 1331 654 2.

172 678 304 737 Quae
346 672 708 737 Agamemnonis
737 708 749 730 ,
796 672 848 719 in
885 671 1095 736 Aegypto
1128 672 1325 732 mortui,
1378 670 1593 719 manibus

169 739 398 810 praestitit
431 736 694 790 Menelaus:

306 807 397 852 Xsb'
414 807 666 867 Ἀγαμέμνονι
692 805 834 863 τύμβον
849 838 861 860 ,
891 799 1139 859 ἵν’ἇσβεστον
1159 808 1259 859 κλέος
1274 810 1327 858 ε’ίη
1352 802 1389 849 5.

180 873 301 920 Cum
321 885 431 917 vero
458 878 561 933 post
586 885 788 932 pugnam
806 865 931 913 haud
947 884 1050 912 raro
1078 868 1238 929 fieret,
1272 877 1324 915 ut
1355 883 1599 922 caesorum

182 937 409 985 cadavera
445 936 533 981 rite
571 950 657 979 nec
694 932 916 995 distingui
943 942 1130 996 possent
1158 952 1245 981 nec
1281 933 1514 997 dignosci,
1549 940 1598 978 ct

180 1011 338 1049 tamen
383 999 644 1064 sepulturae
701 997 876 1044 honore
932 1014 1008 1043 eos
1055 998 1242 1046 destitui
1298 1006 1567 1047 vererentur
1587 1034 1599 1055 ‚

185 1082 483 1115 communem
509 1062 726 1109 omnibus
757 1066 898 1124 τύμβον
936 1061 1157 1109 eruebant
1179 1064 1330 1128 ἄκριτον
1353 1065 1396 1109 ἐκ
1420 1066 1539 1110 nermo
1560 1063 1600 1108 4.

182 1133 405 1180 Ceterum
432 1131 484 1176 in
519 1130 762 1194 peregrina
787 1128 974 1191 regione
995 1138 1282 1175 mortuorum
1312 1145 1473 1174 manes
1512 1125 1604 1178 alta

185 1215 300 1248 voce
331 1206 400 1243 ter
435 1195 687 1242 solenniter
723 1195 940 1241 invocare
981 1193 1215 1254 religionis
1258 1195 1370 1251 fuit,
1404 1191 1529 1258 quod
1556 1194 1605 1238 in

188 1279 427 1312 caesorum
451 1262 681 1308 sociorum
706 1258 928 1305 honorem
950 1276 974 1304 a
1001 1259 1224 1306 Ciconum
1248 1268 1370 1306 terra
1404 1275 1511 1303 cum
1542 1274 1611 1303 re-

191 1329 329 1394 liquis
367 1326 502 1373 salvis
531 1325 713 1371 solvens
743 1325 833 1387 egit
865 1322 1082 1386 UlysSes‚
1119 1342 1211 1390 quo
1249 1324 1491 1377 defunctos
1534 1322 1609 1368 iti-

189 1394 316 1442 neris
344 1392 474 1457 quasi
501 1391 648 1437 socios
675 1388 761 1435 sibi
789 1388 1061 1452 adjungeret
1079 1399 1126 1436 et
1149 1389 1364 1437 secundis
1384 1405 1469 1455 per
1486 1403 1613 1436 mare

192 1460 344 1510 ventis
367 1461 595 1504 frueretur
626 1463 673 1500 et
694 1453 832 1500 undis
853 1453 891 1501 5.

258 1525 297 1587 ξ.
333 1524 380 1573 6.
448 1518 684 1570 Cadavere
718 1518 898 1584 sepulto
927 1535 1022 1565 non
1059 1519 1148 1566 illis
1183 1528 1396 1577 tantum,
1433 1519 1515 1585 qui
1543 1535 1620 1566 se-

194 1590 410 1656 pulturae
435 1587 700 1642 adfuerant,
737 1584 819 1630 sed
841 1583 1055 1630 omnibus
1089 1587 1281 1632 omnino
1313 1585 1522 1632 defuncti
1551 1583 1617 1641 ci-

195 1654 330 1704 vibus
358 1652 550 1700 solenne
586 1649 846 1697 convivium
878 1657 1090 1712 paratum
1111 1650 1305 1697 videtur.
1373 1647 1616 1714 Ejusmodi

196 1720 385 1786 epulum
413 1715 609 1765 funebre
643 1715 770 1763 domi
817 1731 924 1761 suae
960 1713 1176 1780 Trojanis
1225 1715 1447 1763 instruxit
1491 1714 1618 1763 Pria-

199 1803 330 1845 mus,
368 1783 449 1850 qui
812 1828 815 1831 .

396 1847 460 1902 Εὖ
494 1851 782 1910 συναγειρόμενοι
811 1845 967 1892 δαίνυντ’
985 1845 1159 1909 ἐρικυδέα
1188 1846 1299 1893 δαῖτα
1321 1845 1360 1893 6.

203 1917 288 1967 Ast
324 1913 526 1962 Patrocli
565 1927 757 1976 corpore
795 1919 945 1958 terrae
1002 1909 1216 1956 nondum
1258 1908 1476 1956 mandato
1502 1908 1624 1973 Myr-

204 1980 474 2030 midonibus
512 1977 669 2041 epulas
698 1985 830 2040 parat
862 1974 1088 2033 Achilles,
1125 1993 1269 2041 quas,
1302 1978 1412 2038 τάφον
1435 1975 1493 2022 ab
1526 1975 1622 2021 Ho-

207 2065 338 2096 mero
375 2045 520 2092 dictas
544 2054 589 2100 7,
626 2050 757 2089 vetus
787 2040 1064 2089 Scholiastes
1105 2042 1460 2105 interpretatur:
1497 2045 1537 2087 τὸ
1562 2061 1625 2086 πε,

205 2115 379 2177 ρι’ὃειπνον
421 2115 459 2158 τὸ
497 2112 556 2156 ε’πί
585 2122 654 2162 τοῖς
701 2112 992 2161 τετελευτηκόσιν
1036 2113 1401 2171 παρασκευαζέμενεν
1425 2105 1460 2149 8.
1529 2104 1622 2152 Eu-

205 2178 404 2229 stathius
444 2183 627 2231 contra,
671 2175 805 2238 τάφος,
847 2172 1027 2238 inquit,
1070 2176 1110 2219 οὐ
1140 2173 1238 2219 κατά
1270 2190 1367 2224 τινας
1402 2175 1544 2232 ὁμετά
1585 2175 1626 2227 τὸ

1560 2256 1631 2284 τα·

256 2381 293 2425 ι)
318 2380 399 2419 vid.
436 2378 477 2415 Il.
499 2378 636 2423 xxm,
661 2379 740 2415 254.
859 2376 897 2420 2)
922 2376 986 2413 Od.
1018 2376 1059 2421 1,
1084 2387 1163 2421 291.
1289 2372 1326 2418 5)
1352 2373 1414 2410 Od.
1449 2372 1522 2418 lv,
1546 2373 1627 2410 584.

208 2437 248 2480 4)
275 2435 375 2478 Quod
400 2433 442 2469 de
457 2432 595 2468 Achivis
617 2432 804 2466 memoriae
825 2431 1000 2476 proditum
1022 2431 1062 2467 Il.
1085 2430 1170 2473 VII,
1196 2430 1261 2463 435
1283 2441 1352 2474 seq.
1480 2428 1518 2472 5)
1546 2427 1630 2472 Viti,

210 2490 362 2536 od.1x,
385 2492 442 2525 64.
467 2487 509 2522 ad
531 2499 563 2532 q·
593 2489 615 2522 1.
640 2488 686 2521 cs.
713 2485 874 2520 Eustath.
992 2485 1029 2529 6)
1055 2484 1096 2519 Il.
1126 2482 1258 2528 xxlv,
1282 2488 1358 2518 802.
1455 2481 1491 2529 7)
1520 2483 1566 2517 Ut
1586 2481 1630 2518 11.

216 2545 348 2589 XXIII,
374 2557 431 2589 29.
477 2541 544 2576 Eas
567 2541 821 2586 epulas-vdwov
842 2539 916 2573 loco
947 2547 1084 2585 paratas
1108 2537 1212 2571 fuisse
1237 2545 1332 2571 notat
1352 2536 1485 2582 Heyn„
1510 2535 1634 2581 quibus

218 2598 474 2643 Myrmidonum
492 2597 580 2630 vires
594 2602 766 2630 recrearet
793 2593 956 2631 Achilles.
1005 2593 1059 2631 Cf.
1079 2591 1175 2627 Idem
1191 2590 1276 2630 var.
1304 2592 1414 2630 Lectt.
1440 2598 1476 2627 et
1492 2591 1634 2631 observ.

217 2651 258 2688 ad
285 2652 327 2690 11.
352 2653 376 2690 l.
402 2653 425 2690 l.
528 2649 566 2695 8)
591 2649 641 2684 Ad
666 2649 707 2686 Il.
733 2649 756 2686 1.
777 2647 803 2687 l.
