1780 3120
208 146 301 201 158
579 141 1256 206 'ANTIQUITAS

204 275 393 327 Eodem
423 272 614 325 honoris
649 277 917 324 testimonio
945 293 971 324 e
997 293 1151 342 pugna
1179 292 1389 326 reversus
1417 276 1533 346 Ajax
1562 277 1626 328 ab

207 346 555 408 Agamemnone
580 344 808 408 excipitur
831 354 847 378 1
867 380 880 403 ,
916 351 962 388 et
983 344 1039 388 ab
1063 342 1254 389 Alcinoo
1281 342 1474 408 Ulysses
1495 381 1508 403 ,
1543 346 1629 411 qui

208 419 369 457 tamen
401 418 512 458 νώτου
549 415 851 472 ἀποπροταμών,
887 424 1168 472 praeconem
1214 407 1421 457 desectas
1467 407 1624 477 partes

208 476 479 525 Demodoco
512 475 691 523 cantori
717 473 879 519 afferre
913 473 1076 536 jussit:

341 544 479 606 Κήρυξ
493 578 505 599 ,
539 554 584 595 τῆ
613 544 658 595 δὴ
687 548 786 586 τοῦτο
809 546 898 602 πόρε
931 547 1066 597 κρέας,
1095 535 1197 600 ’ἑφροι
1220 546 1385 603 φάγῃσι,

225 663 235 667 ν
342 609 577 669 Δημοδόκῳ,
612 612 758 666 καίμιν
786 608 1093 668 προσπτύξομαι,
1129 610 1330 665 ἀχνύμενός
1361 628 1445 671 περ.
1467 617 1490 642 ²

213 673 307 734 Qui
336 682 590 737 perpetuus
631 672 741 718 viris
789 671 1083 735 principibus
1118 687 1217 716 mos
1250 671 1387 719 fuisse
1422 672 1633 735 videtur,

209 750 264 787 ut
296 756 390 785 non
419 748 563 785 totam
596 738 688 803 ipsi
728 753 943 801 carnem,
983 736 1173 783 honoris
1211 753 1344 784 causa
1381 737 1470 785 sibi
1496 737 1632 785 obla-

213 815 344 864 tam,
392 803 721 859 comederent,
769 800 851 850 sed
889 810 1073 866 partem
1120 804 1252 860 ejus,
1303 813 1524 869 quantam
1570 803 1632 851 li·-

211 870 415 928 buisset,
451 871 612 917 amicis
636 868 987 933 impertirentur
1009 867 1047 914 5.
1112 867 1362 915 Maximam
1388 870 1515 916 enim
1541 885 1640 915 car-

214 938 290 984 nis
333 937 518 1000 copiam
555 932 716 999 Ulyssi
760 933 1059 980 tribuendam
1099 943 1338 980 curaverat
1386 934 1636 991 Alcinous,

212 1018 332 1066 quae
371 1009 543 1065 quanta
575 1000 714 1046 suerit
747 1015 806 1045 ex
843 998 1038 1044 Homeri
1082 997 1238 1045 verbis
1270 998 1470 1064 intelligi
1508 999 1633 1048 licet.

211 1069 351 1116 Parte
375 1067 548 1114 scilicet
574 1064 843 1114 Demodoco
871 1061 1092 1109 donanda
1122 1061 1324 1112 abscissa

344 1164 752 1180 .........
786 1134 846 1177 ἐπὶ
883 1165 894 1176 .
934 1165 947 1178 .
980 1132 1101 1175 πλεῖον
1127 1132 1312 1177 ἐλέλειπτο

341 1201 382 1246 Ἀ
391 1200 586 1263 ργιόδοντος
608 1202 665 1251 ὑὸς
684 1234 696 1255 ,
733 1199 870 1259 θαλερὴ
922 1192 932 1212 ’
952 1192 997 1249 ἦν
1031 1199 1149 1259 ἀμφῖς
1168 1199 1300 1259 ἀλοιφή
1322 1196 1358 1240 4.

276 1265 319 1330 ξ.
353 1263 402 1312 6.
470 1263 686 1310 Convivis
720 1262 883 1310 vinum
931 1261 981 1307 in
1018 1261 1157 1315 δέπας,
1190 1260 1316 1326 quod
1349 1261 1518 1326 cuique
1558 1261 1638 1310 ad-

211 1333 392 1388 stabat,
428 1327 755 1383 escrateribus
788 1324 1100 1374 infundebant
1132 1336 1273 1391 κοῦροι,
1314 1325 1372 1373 ab
1415 1328 1470 1373 iis
1513 1327 1642 1374 ordi-

211 1416 323 1447 nem
359 1396 611 1454 ducentes,
646 1395 727 1460 qui
758 1393 967 1459 proxime
1016 1390 1240 1438 sedebant
1289 1391 1348 1438 ad
1394 1393 1638 1453 dextram,

209 1468 383 1522 ἐνδέξια,
418 1461 467 1507 id
496 1470 590 1519 est,
625 1463 816 1516 ἐνδέξιως,
862 1464 922 1505 ἐπὶ
949 1459 1053 1513 δεξιοὶ
1078 1458 1172 1504 Sive
1208 1463 1269 1505 ε’πί
1297 1459 1453 1526 δεξιόφιν
1473 1458 1515 1507 5.
1577 1459 1638 1509 In

220 1533 442 1583 Deorum
476 1526 687 1575 convivio
716 1524 1008 1589 Hephaestus

541 1628 555 1643 .
594 1630 604 1638 .
641 1606 712 1645 τοῖς
739 1592 883 1636 ἄλλοισι
909 1594 996 1643 Θεοῖς
1026 1589 1167 1642 ἐνδέξια
1190 1600 1306 1637 πᾶσιν

349 1663 548 1721 Οἶνοχέει,
583 1660 700 1720 γλυκὺ
731 1665 866 1718 νέκταρ
896 1658 968 1700 ἀπὸ
995 1667 1177 1715 κρητῆρος
1203 1660 1381 1718 ἀφύσσων
1403 1654 1441 1703 5.

212 1730 285 1778 De
317 1742 408 1791 qno
448 1740 578 1770 more
604 1721 819 1768 dubitare
853 1734 951 1767 11011
987 1717 1098 1766 licet
1123 1735 1181 1765 ex
1214 1719 1410 1767 Antinoi
1444 1718 1504 1768 ad
1533 1737 1637 1768 suos

215 1791 461 1844 mandatis,

340 1858 532 1920 ”Ορνυσθ’
555 1856 697 1911 ἑξείης,
732 1851 916 1918 inquit,
951 1850 1115 1906 ἐπιδέξιοι
1145 1857 1279 1903 πάντες
1302 1855 1440 1914 ἑταῖροι

345 1925 575 1986 Ἀρξάμενοι
601 1933 661 1967 τοῦ
687 1927 809 1982 χώρου
827 1956 839 1978 ,
870 1920 950 1964 ὅθεν
982 1926 1022 1965 τέ
1050 1937 1121 1979 περ
1155 1920 1322 1978 οἰνοχεὺει
1346 1927 1384 1964 7.

215 1988 351 2055 Κοῦροι
377 1998 532 2036 autem
569 1995 704 2033 erant
728 1984 918 2048 ingenui
946 1991 993 2029 et
1026 1982 1193 2040 liberi,
1228 1990 1281 2028 ut
1301 1991 1433 2030 notat
1459 1979 1640 2049 quoque

218 2059 503 2105 Athenaeus.
576 2056 710 2107 Δοῦλος
752 2054 886 2107 οὐδείς,
919 2049 1100 2115 inquit,
1135 2045 1180 2102 ἧν
1215 2055 1233 2094 ὁ
1266 2049 1489 2102 διακονήσων
1510 2087 1522 2107 ,
1557 2052 1641 2099 ἀλλ’

219 2133 249 2173 οἱ
268 2134 336 2172 νέοι
361 2133 433 2170 τῶν
465 2124 667 2185 ἐλευθέρων
695 2119 869 2182 ᾠνοχὲουν
891 2115 929 2164 8.
995 2115 1065 2163 Ut
1090 2129 1280 2175 carneS,
1314 2113 1375 2162 ita
1402 2115 1562 2163 vinum
1585 2131 1643 2162 ex

1579 2197 1649 2227 ae-

268 2318 306 2363 1)
331 2316 415 2352 vid.
446 2316 491 2354 11.
514 2315 602 2361 VII,
626 2316 705 2351 521.
763 2312 818 2350 Cf.
852 2311 879 2349 l.
898 2311 963 2356 IX,
987 2311 1055 2347 206
1085 2321 1180 2357 seqq.
1296 2310 1334 2356 2)
1358 2309 1423 2347 Od.
1443 2310 1551 2357 VIII,
1574 2312 1644 2357 478

215 2370 377 2420 'seqqclt
401 2384 450 2406 vs·
476 2382 590 2417 praec.
694 2368 732 2413 5)
759 2368 858 2410 Quod
882 2367 1033 2401 affirmat
1048 2365 1174 2402 Athen.
1198 2366 1239 2402 L.
1258 2364 1287 2402 Ι.
1312 2378 1345 2413 p.
1364 2367 1417 2403 13.
1444 2365 1484 2403 F.
1511 2374 1545 2400 et
1568 2378 1646 2412 pag.

228 2432 282 2466 14.
306 2429 348 2464 A.
386 2428 590 2473 ἐδωροῦντο
636 2423 678 2457 δὲ
703 2424 767 2457 καὶ
801 2423 871 2455 ἀπὸ
902 2422 974 2454 τῶν
1009 2422 1129 2454 αὐτῶν
1153 2427 1308 2466 μοῖρας,
1344 2417 1395 2459 οἷς
1424 2421 1647 2464 ἠβούλοντο.

220 2486 260 2529 4)
285 2483 350 2519 Od'.
365 2481 473 2527 V111,
498 2482 563 2526 475
583 2491 654 2524 seq.
747 2478 785 2522 5)
811 2477 892 2512 Vid.
919 2475 961 2512 11.
979 2475 1070 2521 VII,
1086 2477 1162 2512 258.
1186 2474 1290 2520 XIII,
1315 2476 1393 2513 308.
1411 2476 1457 2512 al.
1537 2476 1574 2519 6)
1600 2475 1646 2513 11.

222 2537 266 2584 I,
299 2540 365 2583 597
397 2549 471 2581 seq·
505 2535 592 2580 ibiq.
624 2533 773 2578 Interpr.
821 2531 866 2568 ll.
897 2530 971 2575 IV,
1010 2544 1027 2566 1
1062 2543 1156 2577 seqq·
1189 2529 1286 2564 Hebe
1328 2529 1408 2565 Diis
1447 2529 1643 2575 pocillatur.

221 2593 260 2640 7)
286 2591 352 2627 Od.
382 2591 480 2635 XXI,
508 2591 568 2625 141
605 2600 674 2633 seq.
731 2586 787 2621 Cf.
813 2586 1017 2623 Buttmann,
1051 2585 1160 2621 Lexii.
1198 2585 1235 2619 in
1267 2596 1298 2622 v.
1322 2584 1482 2629 ἄρχομαι
1510 2584 1589 2621 vol.
1612 2579 1644 2621 Ῐ.

223 2660 259 2694 p·
282 2660 328 2682 m·
353 2659 415 2682 101
444 2658 539 2690 seqq.
560 2650 596 2677 et
620 2643 712 2678 infra
731 2641 766 2679 h.
790 2641 828 2678 L.
853 2653 884 2680 c.
912 2653 962 2677 11.
990 2643 1024 2687 §.
1043 2643 1077 2678 5.
1099 2638 1226 2677 media.
1321 2640 1360 2686 8)
1387 2641 1430 2679 L.
1448 2639 1491 2676 V.
1515 2652 1549 2686 p.
1567 2652 1644 2686 192.

224 2702 269 2740 B.
301 2701 358 2739 cll.
384 2701 423 2737 L.
443 2700 482 2737 X.
507 2711 542 2745 p,
564 2699 646 2735 424.
665 2696 709 2733 E.
