1780 3120
561 141 1140 197 HOM-ERICA.
1460 149 1555 200 353

190 297 193 305 '
260 278 361 329 ‘me
384 282 423 327 δέ
443 300 496 334 τις
519 285 687 327 εἴπεο-’κω
709 277 878 342 Ἀχαιῶν
905 299 945 327 τε
968 283 1110 342 Τρώων
1140 299 1179 327 τε
1195 296 1206 307 ·

344 350 420 392 Ζεῦ
450 346 621 404 κύδιστε,
656 352 808 408 μέγιστε
822 381 834 402 ,
869 351 933 392 καὶ
957 351 1128 392 ἀθάνατοι
1151 350 1222 392 &sse
1251 347 1357 392 οἷὶλσι
1372 381 1384 405 ,

269 414 488 474 Ὁππότεροι
516 418 682 474 πρότεροι
709 415 799 474 ὑπὲρ
822 413 932 472 ’ὅρκια
962 413 1193 471 πημήνειαν,

261 474 358 522 'ms'
395 474 458 542 σφ’
490 481 685 541 ἐγκέφαλος
715 477 881 538 χαμάδις
902 480 976 539 ῥέοι
997 512 1010 533 ,
1045 483 1093 529 ὠς
1119 477 1178 521 ὅδε
1202 473 1310 533 οἶνος,

279 547 409 588 Αὐτῶν
427 579 438 600 ,
473 547 537 588 καὶ
563 552 696 589 τεκέων
715 579 725 597 ,
761 545 889 602 ἄλοχοι
914 541 951 589 δ’
979 545 1121 587 ἄλλσισι
1147 554 1303 603 μιγεῒεν·
1329 550 1366 588 ¹.

137 603 248 652 Vini
269 607 408 668 igitur
430 607 652 654 mixtione
670 616 717 654 et
733 606 958 652 effusione
978 606 1152 670 perjuri
1170 622 1370 670 poenam
1387 605 1549 653 adum-

138 669 364 729 brabant,
401 675 535 738 cujus
561 674 735 737 quippe
754 673 899 736 ipsius
925 681 971 717 et
989 671 1239 718 liberorum
1269 671 1511 718 cerebrum
1535 710 1547 729 ,

102 788 105 789 ⁷
139 737 236 782 viui
275 737 442 796 instar,
490 738 540 783 in
573 738 768 784 humum
801 736 1145 791 effunderetur,
1191 753 1302 783 cum
1340 737 1546 803 ejusdem

139 818 284 860 uxor,
336 810 549 866 stuprum
583 819 743 866 passa,
782 802 845 847 ita
879 817 928 848 se
965 803 1065 847 viro
1098 800 1274 857 alieno,
1308 812 1360 848 ut
1391 804 1547 849 viuum

139 867 395 929 Troianum
419 867 624 925 Achivo‚
657 867 889 913 miseeret.
957 867 1044 913 Est
1068 867 1194 913 enim
1223 869 1415 932 perjurii
1438 886 1549 933 poe·

138 947 200 977 na
232 932 525 995 gravissima,
560 948 701 996 quae,
750 933 836 978 etsi
872 947 971 978 non
1015 931 1263 987 continuo,
1300 933 1549 998 aliquando

137 1004 295 1043 tamen
326 1004 453 1043 certo
488 997 658 1044 certius
690 995 944 1060 foedifrage
964 1014 990 1042 a
1016 997 1118 1043 Diis
1144 998 1384 1044 imminet:

269 1064 334 1108 Οὐ
362 1069 432 1122 μέν
459 1081 536 1116 πως
566 1065 666 1109 ἅλιον
692 1066 793 1109 πέλει
819 1066 966 1124 ὅρκιον,
999 1064 1095 1123 αἷμά
1123 1081 1163 1109 τε
1189 1070 1308 1124 ἀρνῶν
1326 1101 1338 1122 ,

268 1127 484 1173 Erro-1326?
516 1126 669 1190 ἄκρητοι
692 1164 704 1185 ,
739 1132 803 1174 καὶ
832 1129 978 1183 δεξιαί,
1013 1127 1058 1190 ᾗς
1085 1132 1285 1190 ἐπέπιθμεν
1304 1137 1342 1174 2.

200 1191 241 1255 §.
273 1193 320 1253 4.
387 1192 584 1239 Dextras
628 1208 814 1258 quoque
863 1193 914 1238 in
960 1192 1225 1241 foederibus
1264 1192 1551 1261 jungebant,

137 1256 536 1322 quemadmodum
566 1257 775 1304 Nestoris
809 1256 931 1304 dicta
956 1266 1206 1307 testantur:

269 1326 336 1385 Πῇ
363 1324 409 1377 δὴ
439 1327 627 1370 συνθεσίαι
659 1343 701 1370 τε
727 1328 792 1369 καὶ
820 1326 928 1378 ὅρκια
952 1327 1112 1382 βήσεται
1135 1332 1246 1385 ἠμῖνς

269 1391 434 1434 Ero-adal
467 1387 499 1435 ‘c’
524 1387 680 1451 ἄκρητοι
697 1426 709 1447 ,
743 1394 806 1435 καί
834 1391 954 1443 δεξιαὶ
972 1427 983 1445 ,
1017 1390 1076 1443 αἷς
1099 1396 1322 1451 έπέπιθμεν;
1347 1391 1386 1444 3,

136 1452 291 1514 Quem
322 1452 506 1499 dextras
530 1459 591 1500 ἐπι·
624 1462 746 1502 πίστει
783 1459 847 1499 καί
881 1459 1078 1508 συνθήκαις
1116 1458 1293 1513 βεβαίας
1326 1458 1550 1522 jungendi

137 1532 340 1577 morem,
375 1528 427 1565 ut
459 1518 624 1565 ceteris
666 1517 853 1583 populis
877 1556 889 1579 ,
942 1519 1006 1565 ita
1040 1521 1225 1568 Graecis
1257 1532 1303 1569 et
1338 1523 1554 1587 Troianis

136 1596 434 1630 communem
465 1583 604 1630 fuisse
629 1592 824 1631 constat.
893 1584 1056 1649 Itaque
1082 1587 1131 1632 in
1156 1587 1386 1636 amicitiae
1410 1591 1553 1639 fidem

135 1647 338 1694 Glaucus
367 1657 416 1695 et
442 1648 694 1696 Diomedes

266 1717 406 1772 Χεῖράς
433 1713 466 1761 τ’
489 1717 661 1765 ἀλλήλων
692 1719 881 1773 λαβέτην,
919 1720 983 1761 καὶ
1003 1725 1262 1765 πιστώσαντο·
1287 1719 1326 1766 4.

136 1786 185 1823 et
216 1777 449 1836 Achilles,
486 1787 539 1824 ut
563 1778 749 1826 Priamo
789 1778 848 1826 de
887 1781 1031 1845 ipsius
1062 1783 1116 1830 in
1152 1782 1353 1832 induciis
1385 1783 1556 1832 facien·

138 1842 211 1889 dis
234 1842 328 1890 fide
354 1852 589 1891 constaret
605 1882 618 1904 ‚

283 1942 598 1957 .......
630 1915 691 1956 ἐπὶ
720 1915 855 1972 καρπῷ
889 1926 998 1976 χεῖρα
1021 1923 1184 1979 γέροντος

255 1973 442 2032 ”Ελ)αβέ
467 1977 656 2034 δεξιτερὴν
677 2012 688 2032 ,
724 1985 855 2037 μήπως
881 1984 983 2041 δείσῃ
1011 1987 1062 2026 ένί
1091 1983 1196 2042 θυμῷ
1218 1980 1256 2028 5.

203 2039 245 2102 ξ.
283 2038 330 2088 5.
397 2040 452 2086 In
470 2039 738 2087 foederibus
757 2051 906 2088 autem
929 2045 1129 2105 primum
1153 2048 1246 2093 sere
1266 2045 1554 2107 statuebant,

138 2110 192 2149 ut
214 2120 286 2151 res
313 2102 491 2151 ablatae
521 2104 842 2153 redderentur.
914 2110 1052 2168 Quod
1081 2128 1138 2156 ex
1165 2110 1408 2174 singularis
1431 2113 1545 2159 intel

137 2168 357 2215 Paridem
392 2180 440 2216 et
479 2170 740 2217 Menelaum
783 2175 1050 2222 certaminis
1084 2175 1187 2240 lege
1211 2214 1221 2233 ‚
1255 2176 1313 2223 ab
1349 2177 1552 2224 Hectore

139 2234 329 2281 Graecis
347 2244 392 2281 et
411 2236 630 2301 Trojanis
647 2240 884 2301 proposita
901 2280 910 2294 ,
937 2250 1090 2303 patet,
1111 2259 1166 2288 ex
1189 2259 1279 2305 qua
1297 2252 1507 2304 μενομαχίᾳ.
1530 2244 1553 2278 5

136 2298 201 2345 ita
235 2318 374 2347 omne
415 2301 652 2364 negotium
691 2304 1041 2367 transigeretur,
1088 2316 1164 2366 ut,
1201 2307 1342 2355 altero
1369 2311 1556 2367 occiso,

1498 2374 1560 2422 al-

185 2463 222 2507 1)
247 2463 384 2511 11.111‚
408 2470 472 2513 295
498 2480 594 2516 seqq.
711 2469 748 2513 2)
774 2469 818 2507 Il.
845 2470 916 2516 IV,
941 2473 1005 2507 158
1022 2485 1094 2519 seq.
1142 2472 1200 2508 Cf.
1220 2473 1260 2509 L.
1280 2473 1328 2512 II.
1352 2486 1383 2512 c.
1407 2477 1438 2512 8.
1464 2478 1497 2522 ς·
1519 2477 1553 2513 5.

141 2518 180 2560 5)
206 2518 247 2553 11.
267 2518 324 2563 11,
351 2521 416 2567 339
445 2531 479 2556 et
502 2525 579 2560 341.
628 2521 675 2557 Cf.
700 2523 767 2563 lv,
794 2527 870 2561 258.
1003 2527 1043 2570 4)
1070 2527 1115 2564 11.
1141 2527 1215 2573 VI,
1238 2530 1319 2566 253.
1444 2531 1483 2574 5)
1509 2530 1554 2568 ΙΙ.

141 2571 273 2616 XXIV,
297 2576 377 2619 671.
425 2575 477 2612 Cf.
499 2589 558 2611 nos
583 2577 624 2613 L.
646 2576 713 2614 ΙΙΙ,
745 2590 775 2614 c.
798 2581 850 2616 15.
877 2584 906 2622 §-
928 2591 958 2616 1.
993 2581 1078 2628 ibiq.
1107 2589 1180 2618 not.
1309 2582 1348 2628 6)
1374 2582 1451 2625 Qua
1475 2595 1554 2619 om-

139 2638 217 2660 nem
242 2626 326 2662 belli
346 2632 597 2664 contentionem
622 2632 758 2676 saepius
777 2631 897 2668 dirimi
920 2646 1022 2680 supra
1048 2635 1324 2677 observavimus,
1348 2649 1414 2685 quo
1435 2638 1554 2686 fiebat,

141 2687 182 2766 :t
203 2682 386 2768 {niversae
418 2685 509 2720 acies
538 2698 616 2721 raro
641 2696 894 2725 concurrerent.
940 2687 992 2724 De
1020 2686 1167 2725 induciis
1195 2702 1330 2736 quolue
1362 2693 1556 2728 monuimus

170 2756 177 2766 ⁸
233 2761 242 2772 ο
267 2748 298 2774 C·
325 2739 376 2773 13·
407 2742 439 2784 ς
463 2742 500 2776 4ο
