1780 3120
163 154 259 232 [M
564 115 1241 227 ANTIQUITAS

198 285 308 335 Vini
336 300 444 333 vero
474 284 629 348 inopia
663 297 779 345 aqua
807 295 912 325 cum
940 279 1077 327 sociis
1109 279 1225 328 libat
1246 280 1560 346 Eurylochus}

167 346 172 352 ⁸
361 350 458 398 Ούὸ“’
474 347 571 410 εἶχον
602 351 695 409 μέθυ
728 349 851 406 λεῖψαι
882 344 938 389 ἐπ’
965 349 1159 405 αἰθομένοις
1191 354 1334 411 ἱεροῖσιν
1352 385 1364 406 ,

291 473 293 475 q
355 416 460 461 Ἀλλ’
485 419 591 462 ὕδατι
624 412 840 467 σπένδοντες
871 415 1046 456 ἐπώπτων
1076 413 1223 472 ἔγκατα
1256 416 1379 460 πάντα
1401 426 1437 462 1.

193 482 267 531 Ex
296 482 421 527 omni
456 489 611 526 autem
642 477 830 524 victima
865 492 1002 521 coxae
1034 476 1280 541 praecipue
1310 479 1413 525 Diis
1443 477 1611 526 offere-

193 546 392 605 bantur,
431 554 483 591 ut
530 543 795 608 pinguiores
842 543 941 605 ejus
983 550 1168 605 partes,
1215 558 1332 607 quae
1362 544 1610 607 plurimam

193 621 349 666 κνίσσην
396 611 445 656 in
476 608 660 657 coelum
695 607 880 654 mittere
941 606 1123 665 solent,
1167 606 1296 652 unde
1344 616 1449 655 πίονα
1493 619 1613 672 μηρία

191 687 306 726 καίειν
327 690 349 712 2
378 675 506 723 idem
536 674 801 738 saepissime
833 672 1035 718 Homero
1061 680 1190 718 notet
1217 671 1341 737 quod
1364 672 1487 720 lauta
1511 676 1613 722 Diis

192 759 316 791 sacra
345 746 519 806 parare.
563 741 691 799 Quae
715 755 853 785 coxae
872 755 978 785 cum
1003 736 1124 802 ignis
1146 738 1192 786 vi
1210 737 1616 803 colliquescerent‚.

195 808 445 855 ebulliente
486 805 648 871 adipe,
697 803 941 851 adstabant
981 804 1146 868 pueri,
1183 813 1249 851 νέοι
1273 803 1323 863 5,
1371 805 1610 864 ministri,

191 875 376 933 furcas,
425 875 682 935 πεμπώβολα,
716 867 929 916 manibus
956 878 1169 916 tenentes
1211 869 1269 916 ad
1311 870 1618 917 continendas

190 941 243 987 in
279 948 405 985 strue
449 947 495 985 et
539 939 592 984 in
624 935 781 982 locum
820 935 1112 999 reponendas
1154 951 1315 981 carnes
1356 936 1480 982 inter
1517 953 1615 982 cre-

165 1000 417 1052 =mandum
445 1012 576 1050 motu
607 1017 664 1048 ex
687 1002 794 1065 igne
823 1000 942 1047 facto
971 998 1272 1046 dissilientes:
1310 1001 1470 1047 fuisset
1487 1001 1615 1047 enim

169 1070 378 1116 'infausti
435 1069 605 1116 ominis
631 1105 644 1127 ,
689 1069 731 1114 si
784 1083 947 1113 carnes
1010 1066 1061 1112 in
1107 1065 1305 1112 humum
1346 1065 1613 1130 provolutae

189 1144 345 1183 essent
364 1136 404 1182 4.
524 1186 532 1189 ,

476 1238 484 1246 .
520 1207 589 1246 νέοι
619 1203 658 1248 δὲ
689 1201 777 1263 παρ’
807 1201 914 1247 αὐτὸν
946 1200 1035 1257 ἔχον
1055 1199 1289 1257 πεμπώβολα
1321 1204 1466 1260 χερσίν.

256 1273 297 1328 ξ.
337 1283 382 1330 7.
451 1265 577 1311 Haec
592 1267 654 1311 ita
674 1266 770 1328 igni
795 1263 1010 1326 imposita
1028 1299 1040 1320 ‚
1078 1271 1125 1307 et
1142 1261 1393 1308 libamento
1413 1263 1515 1323 Diis
1541 1281 1615 1311 sa·-

192 1340 317 1379 crata
336 1330 451 1377 dum
468 1330 793 1376 cremabantur
808 1367 818 1387 ,
839 1330 897 1375 de
916 1326 1170 1373 visceribus
1187 1336 1451 1389 gustarunt,
1471 1333 1616 1392 σπλάγ-

192 1418 268 1462 χνα
309 1406 476 1443 πάσαντο
497 1396 536 1443 5.
604 1395 830 1441 Crematis
859 1393 968 1438 dein
1004 1391 1259 1437 semoribus
1291 1393 1497 1456 extisque
1527 1394 1614 1440 de-

195 1462 385 1525 gustatis
401 1499 412 1519 ,
438 1460 645 1524 reliquae
670 1460 884 1508 victimae
907 1466 1061 1521 partes
1089 1457 1138 1502 in
1164 1456 1309 1503 frusta
1334 1459 1541 1506 concisae
1567 1469 1614 1506 et

193 1526 397 1575 verubus
440 1535 609 1572 assatae
644 1525 848 1572 convivis
885 1520 1258 1587 apponebantur.
1327 1522 1490 1570 Testes
1522 1526 1618 1573 sint

193 1592 351 1639 Iliadis
383 1594 440 1641 L.
461 1593 499 1638 Ι.
534 1608 604 1639 vs-
629 1591 726 1652 464
742 1607 868 1654 seqq.
894 1589 934 1637 ⁶.
1538 1656 1596 1701 Α,

1578 1678 1620 1702 u-

195 1838 248 1864 tra
269 1829 311 1864 ad
331 1828 463 1863 laevam
484 1824 678 1871 progressi,
701 1824 926 1860 distribuunt.
963 1824 1018 1859 Cf.
1036 1823 1079 1859 11.
1100 1824 1139 1860 L.
1152 1824 1176 1860 l.
1201 1837 1250 1860 vs.
1268 1827 1332 1858 183
1356 1831 1390 1859 et
1410 1824 1537 1870 XXIV,
1552 1826 1620 1862 506

194 1897 288 1929 seqq.
336 1884 376 1917 In
396 1882 487 1915 hunc
502 1893 600 1914 usum
621 1887 817 1925 comparata
841 1887 940 1913 erant
956 1878 1096 1923 pocula,
1113 1890 1198 1923 quae
1222 1880 1308 1924 apud
1322 1879 1491 1914 beatiores
1515 1892 1619 1914 aurea

192 1940 303 1974 fuere.
337 1937 416 1972 vid.
441 1936 483 1971 Il.
502 1935 567 1979 XI,
584 1937 660 1981 775.
684 1934 748 1969 Od.
769 1934 848 1973 XV,
867 1946 942 1978 ως).
976 1932 1150 1967 Libabant
1174 1942 1286 1967 autem
1301 1934 1517 1978 potissimum
1539 1935 1619 1969 vino

196 1996 292 2040 (raro
307 2003 395 2037 aqua
419 1990 482 2025 Od.
499 1990 564 2023 XII
581 2018 589 2034 ,
607 1990 688 2033 562)
703 1988 791 2022 unde
805 1988 931 2033 passim
950 1987 1092 2027 λείβειν
1112 1988 1259 2020 αἴθοπα
1282 1984 1390 2031 οἶνον,
1412 2000 1514 2032 eoque
1531 1999 1616 2032 puro

195 2060 234 2082 ac
259 2060 380 2086 mero,
404 2044 492 2079 unde
518 2044 707 2088 appellatae
734 2043 893 2076 σπονδαὶ
918 2042 1068 2086 ἄκρητοι,
1091 2042 1130 2078 Il,
1157 2042 1195 2087 I,
1220 2044 1298 2076 541.
1352 2042 1488 2076 poculis
1513 2043 1619 2086 igitur

193 2103 272 2136 vino
300 2100 442 2146 repletis
467 2099 587 2133 leviter
610 2099 742 2144 aliquid
768 2098 809 2131 de
829 2097 971 2131 summis
996 2095 1103 2130 labris
1133 2096 1168 2129 in
1194 2095 1346 2130 Deorum
1372 2096 1535 2129 honorem
1564 2096 1619 2130 es-

192 2155 405 2199 fundebant,
430 2154 601 2199 reliquum
626 2154 692 2198 ipsi
715 2153 882 2188 bibentes.
929 2150 1011 2186 vid.
1036 2164 1067 2187 e.
1088 2163 1119 2195 g.
1145 2150 1271 2195 11.1x‚
1298 2152 1360 2195 176
1385 2162 1456 2195 seq,
1505 2150 1618 2184 Vere..

191 2209 318 2244 bantur
339 2210 478 2243 omnino
496 2208 610 2242 cibum
632 2208 703 2242 sibi>
722 2220 856 2242 sumere
875 2213 935 2239 aut.
955 2213 1072 2249 potum
1092 2205 1159 2239 nisi
1183 2206 1276 2249 prius
1302 2216 1418 2238 eorum
1440 2204 1616 2250 primitias

192 2265 274 2298 Diis
299 2271 564 2298 consecrassent.
600 2263 741 2296 Hestiae
762 2263 796 2296 in
812 2261 933 2306 primis
952 2259 1061 2294 libare
1088 2260 1122 2293 in
1138 2260 1247 2304 epulis
1261 2260 1429 2294 solebant.
1458 2259 1511 2294 Cf.
1524 2259 1618 2293 dicta

191 2318 234 2355 L.
255 2319 323 2354 Ill.
350 2331 379 2352 c.
407 2321 452 2363 4,
476 2320 510 2354 5.
559 2317 721 2352 Cubitum
748 2317 876 2350 abituri
896 2315 1089 2349 Phaeacum
1106 2316 1273 2360 primores
1296 2313 1545 2360 Ἀργειφόντῃ
1567 2313 1617 2347 li-

194 2372 279 2408 bant
302 2373 470 2418 0d.VII,
496 2374 572 2408 138.
646 2372 680 2416 1)
706 2371 871 2415 Od-XII',
896 2372 962 2405 562
977 2383 1047 2415 seq·
1118 2369 1155 2413 2)
1182 2369 1229 2403 Ut
1252 2369 1294 2405 Il.
1319 2368 1361 2413 I,
1384 2370 1439 2404 40.
1510 2367 1547 2411 5)
1573 2366 1617 2404 11.

192 2428 232 2472 I,
257 2429 336 2464 465.
384 2426 546 2465 Od.111‚
573 2428 652 2462 460.
765 2426 803 2469 4)
831 2425 917 2459 Sunt
950 2424 1053 2458 verba
1077 2423 1206 2468 Ileynii
1233 2422 1274 2456 ad
1308 2422 1350 2458 Il.
1367 2422 1383 2456 I
1399 2451 1406 2465 ‚
1432 2424 1498 2457 460
1520 2434 1615 2467 seqq,

192 2482 230 2524 5)
246 2481 327 2518 Vid.
343 2481 385 2517 Il.
405 2481 464 2518 l.l.
535 2480 573 2523 6)
599 2480 652 2515 Cf.
675 2480 716 2515 Il.
730 2480 764 2514 II
781 2509 789 2523 ,
803 2482 868 2525 427
887 2492 978 2524 seqq.
1004 2479 1146 2523 IX‚216
1159 2490 1249 2522 seqq.
1271 2477 1334 2512 od.
1358 2476 1501 2521 III‚461
1523 2489 1616 2521 seqq.

191 2536 283 2580 xiv,
310 2538 350 2582 75
376 2549 469 2581 seqq.
495 2543 530 2569 et
553 2536 620 2569 464
633 2547 726 2579 seqq.
762 2534 871 2568 Iidem
900 2534 968 2567 sere
994 2534 1081 2567 ritus
1106 2533 1139 2566 in
1161 2531 1305 2566 Achillis
1329 2532 1477 2566 tentorio
1498 2530 1619 2564 obser-

190 2598 313 2623 vantur
330 2618 339 2634 ,
359 2591 426 2623 nisi
449 2589 538 2634 quod
556 2589 604 2622 ibi
620 2618 628 2633 ‚
653 2598 745 2623 struo
768 2590 936 2632 lignorum
958 2589 1034 2631 igne
1050 2595 1224 2621 consumta
1239 2586 1461 2629 ,carbonibus
1475 2585 1618 2630 reliquis

191 2644 260 2679 sale
275 2644 454 2690 adspersae
471 2655 588 2679 carnes
607 2651 803 2679 torreantur
826 2650 861 2678 et
877 2643 1055 2678 transfixae
1071 2641 1213 2677 verubus
1228 2670 1237 2688 ,
1256 2640 1377 2687 quibus
1392 2640 1591 2687 κρατευτιιὶ
1607 2666 1616 2680 ‚

1538 2693 1620 2727 'lul-
