1780 3120
520 114 1177 183 ADDENDA.
1479 134 1566 186 365

287 257 374 304 l'm's
398 259 495 304 aevi
534 255 730 317 populos
765 255 1052 299 scientissimi
1081 264 1128 297 et
1156 255 1364 298 homines
1406 255 1563 298 callidi

285 328 424 376 atque
453 315 617 364 astuti,
662 315 797 357 maris
833 326 1054 356 extremas
1097 324 1249 371 partes
1288 311 1563 370 explorave-

287 384 411 418 runt.
468 373 567 415 Jam
601 387 659 414 ne
689 371 800 413 aliae
831 382 982 425 gentes
1023 370 1206 415 easdem
1243 371 1448 425 regiones
1471 385 1562 430 pe-

291 441 444 473 terent
482 429 698 480 navibus,
743 443 892 486 neque
930 428 1018 484 ipsi
1054 428 1328 478 commodis,
1364 427 1566 486 quihus,

291 488 329 530 si
378 486 462 530 soli
506 486 603 528 illas
648 499 863 535 nossent,
906 484 1188 539 gauderent,
1241 485 1568 541 privarentur,

288 560 493 588 rumores
519 543 577 585 de
603 543 710 584 feris
741 555 784 585 et
805 543 1081 584 immanibus
1108 541 1316 602 populis,
1350 541 1406 584 de
1429 558 1569 584 mon-

291 603 394 645 stris
421 612 466 643 et
496 603 787 644 monstruosis
821 600 1058 655 gentibus,
1092 599 1148 641 de
1188 598 1386 658 scopulis
1433 615 1568 641 erra·

292 660 421 708 ficis,
456 657 512 701 de
528 656 679 716 Scylla
701 669 745 700 et
771 657 1072 715 Charybdiet
1098 657 1194 698 aliis
1221 657 1446 715 portentis
1465 667 1565 698 ter-

290 716 434 759 rificis
464 715 666 758 studiose
705 715 1016 766 dissiparunt,
1050 714 1215 771 quibus
1256 714 1362 757 alios
1396 714 1451 756 ab
1480 713 1569 755 illis

290 774 422 817 terris
450 772 732 814 cohiberent.
792 772 885 826 Qui
913 786 1059 812 mores
1086 771 1364 813 Phoenicum
1384 771 1567 813 descri-

287 832 462 873 buntur
491 829 578 869 Od.
607 831 644 880 ξ.
675 828 796 870 2881
831 843 874 884 q.
897 826 924 868 l.
958 826 1006 868 in
1037 839 1164 872 textu.
1191 844 1273 869 nos
1311 828 1566 886 descripsi·

293 903 406 929 mus.
467 883 534 927 Cf.
565 884 752 938 Goguet.
787 888 876 937 Op.
897 881 926 923 1.
956 882 1040 925 vol.
1065 887 1119 927 11.
1153 902 1195 942 p.
1224 900 1305 938 272
1335 901 1465 944 seqq.

149 946 198 990 P.
225 946 291 1002 93.
321 953 412 984 not.
434 943 473 984 5.
536 941 588 981 A.
626 942 674 981 L.
703 938 882 990 Milliu,
912 941 1212 998 Mineralogie
1246 942 1326 984 des
1364 942 1532 984 Homer
1552 971 1569 995 ‚

292 1014 368 1042 aus
401 997 506 1039 dem
538 998 700 1039 Franz.
727 1007 812 1038 etc.
853 1012 941 1039 von
969 999 1015 1039 F.
1045 1000 1137 1041 Th.
1169 998 1303 1041 Rink.
1327 999 1566 1054 Ko'nings-

293 1058 406 1110 berg
441 1053 537 1095 und
571 1055 770 1110 Leipzig.
802 1058 941 1112 1795,
973 1055 1030 1098 de
1063 1058 1256 1098 monetis
1298 1055 1348 1099 Il.
1374 1055 1402 1098 l.
1435 1055 1464 1097 l.
1491 1072 1570 1098 co-

294 1112 531 1169 gitandum
567 1127 660 1153 esse
695 1122 877 1165 censet,
922 1113 1088 1167 quibus
1125 1124 1360 1157 taurorum
1398 1113 1564 1170 imagi-

290 1186 370 1213 nes
403 1179 555 1212 esseut
582 1168 848 1225 insculptae.
906 1169 1011 1215 Vid.
1038 1172 1127 1228 Op.
1158 1170 1186 1212 l.
1216 1186 1259 1230 p.
1293 1173 1364 1215 54.

149 1231 200 1275 P.
224 1245 292 1288 99.
322 1242 412 1282 reg.
445 1228 484 1270 6.
542 1226 684 1267 lmmo
722 1226 927 1269 homines
955 1244 1140 1287 quoque
1168 1228 1230 1271 ita
1262 1226 1567 1271 aestimaban-

296 1296 386 1328 tur.
447 1282 554 1328 Vid.
581 1282 632 1325 Il.
659 1283 845 1337 XXIII,
879 1287 973 1338 705.
999 1283 1053 1327 al.

151 1345 204 1388 P.
235 1360 304 1403 99.
367 1341 506 1384 Auri
528 1341 729 1383 talenta.
790 1360 812 1385 «
839 1343 921 1385 Die
947 1342 1202 1396 Talentm,
1234 1343 1389 1400 inquit
1412 1342 1568 1387 Millin

293 1402 388 1453 Op.
412 1399 443 1441 1.
486 1414 536 1457 p.
563 1400 644 1452 55,
689 1413 776 1440 von
822 1400 1026 1442 welchen
1071 1401 1240 1443 Homer
1284 1403 1466 1459 spricht
1510 1399 1566 1444 11.

289 1455 474 1509 XVIII,
505 1458 632 1510 507„
662 1456 847 1499 wahren
870 1457 1001 1499 mehr
1029 1457 1103 1500 ein
1127 1457 1277 1500 durch
1305 1459 1568 1501 'Ueberein-

294 1513 434 1556 kunst
477 1512 758 1554 bestimmtes
798 1515 1034 1563 (jcwicht‚
1073 1515 1148 1557 ein
1189 1515 1568 1571 gebrauchliches

289 1571 470 1617 Maass..
503 1568 565 1611 als
588 1570 689 1612 cine
715 1571 941 1613 besondre
972 1573 1161 1615 Miinze.
1224 1574 1374 1616 Wenn
1402 1573 1568 1615 indes-

289 1643 375 1671 sen
431 1625 579 1682 gleich
630 1627 754 1669 diese
803 1627 997 1671 Talente
1047 1629 1211 1672 keinen
1259 1629 1570 1686 cigentlichen

293 1682 501 1741 Stempel
541 1683 728 1738 hatten,
759 1700 807 1727 so
854 1685 1010 1728 hatten
1044 1687 1108 1728 sie
1137 1685 1258 1729 doch
1294 1689 1369 1731 ein
1414 1688 1566 1731 eben-

289 1742 501 1795 massiges
539 1740 777 1795 Gewicln,
809 1741 908 1784 eine
931 1743 1185 1786 bestimmte
1221 1744 1413 1788 Gestalt.
1434 1746 1465 1765 ’'

150 1802 205 1846 P.
232 1802 330 1845 115.
391 1798 456 1839 De
483 1796 696 1840 adulterii
721 1814 868 1856 poena
891 1800 1079 1857 insignis
1113 1799 1240 1845 locus
1264 1814 1330 1846 est
1366 1801 1458 1846 Od.
1482 1802 1567 1858 III,

294 1858 380 1900 255
411 1869 454 1896 se
531 1883 542 1895 .

149 1915 205 1959 P.
230 1915 325 1959 116.
356 1914 394 1968 ἓ.
415 1870 589 1956 5.qust
624 1913 676 1954 L.
698 1913 781 1957 IV.
815 1928 854 1955 c.
878 1913 920 1957 4.
952 1914 990 1969 §.
1013 1929 1054 1958 2.
1084 1926 1180 1958 not.
1208 1930 1249 1958 2.

152 1974 204 2020 P.
232 1987 330 2017 121.
360 1972 396 2023 ς’.
418 1984 454 2011 2.
516 1969 590 2012 Ab
633 1986 712 2012 avo
748 1970 841 2013 sere
878 1971 1043 2013 infanti
1089 1989 1254 2016 nomen
1285 1972 1564 2034 imponitur,

297 2038 347 2069 ut
364 2025 584 2084 Ulyssiab
602 2025 825 2085 Autolyco
856 2029 1104 2083 Od.XIX‚
1137 2035 1220 2075 402
1245 2046 1375 2090 seqq.
1435 2050 1459 2076 «
1485 2034 1566 2087 Ig-

294 2085 488 2128 norabat
522 2083 820 2127 Thierschins
870 2087 975 2142 (qui
1016 2089 1064 2129 in
1102 2088 1222 2130 libro
1260 2103 1369 2140 suo,
1411 2089 1564 2144 Urge·-

291 2140 398 2184 stalt
425 2140 507 2183 der
541 2139 667 2194 Od.‚
705 2142 813 2184 ideo
855 2144 1061 2200 spurium
1089 2144 1249 2186 habuit
1281 2143 1429 2188 locum
1473 2146 1564 2192 Od.

297 2201 350 2243 L.
372 2198 401 2240 l.
427 2214 488 2241 vs.
512 2199 788 2255 590-466.)
819 2199 1014 2257 plurima
1040 2204 1135 2256 ejus
1160 2204 1338 2258 generis
1366 2219 1450 2261 per
1477 2220 1562 2247 cu-

292 2256 432 2312 jusvis
479 2255 638 2298 aetatis
672 2259 919 2310 scriptores
959 2274 1127 2315 sparsa.
1202 2259 1312 2304 Vid.
1355 2260 1566 2305 Meineke

291 2313 350 2356 ad
386 2312 587 2370 Euphor.
619 2328 666 2370 p.
698 2316 778 2358 123
799 2330 895 2372 seq.
935 2315 1149 2375 Sophocl.
1177 2334 1250 2375 ap.
1283 2316 1418 2359 Kust.
1448 2318 1566 2361 Hist-

294 2371 426 2414 Hom.
460 2387 505 2424 p.
525 2370 641 2414 66.”
702 2371 770 2413 Ita
797 2372 985 2414 Nitzsch
1014 2373 1200 2430 Quaest.
1223 2375 1354 2415 Hom.
1376 2374 1508 2431 Spec.
1522 2377 1562 2421 Ι.

293 2444 392 2488 pag.
412 2428 488 2471 IV.
520 2428 595 2469 cit.
613 2445 636 2469 a
661 2429 1158 2484 Baumgarten-Crusio
1182 2433 1229 2472 in
1251 2446 1370 2472 cens.
1396 2432 1563 2475 Thier·

291 2485 409 2527 schii
440 2486 531 2542 Op.
555 2483 587 2527 l.
621 2501 694 2542 ap.
724 2486 863 2528 Jahn.
887 2487 1047 2529 Jahrb.
1081 2499 1170 2530 etc.
1203 2487 1406 2535 Vol.11.1.
1441 2490 1488 2530 P.
1517 2506 1558 2533 2.

295 2558 345 2600 p.
373 2545 428 2586 25
460 2557 553 2598 seq.
611 2543 803 2586 Nomina
839 2556 986 2587 autem
1022 2544 1077 2585 ab
1105 2545 1242 2586 animi
1273 2557 1350 2586 aut
1391 2561 1571 2603 corpo-K

290 2600 379 2652 ris,
412 2600 656 2657 praecipue
691 2616 798 2642 vero
829 2602 884 2642 ab
912 2601 1271 2658 h,ujus,·natura
1310 2613 1354 2645 et
1378 2601 1563 2648 dotibus

292 2656 499 2699 desumta
527 2657 636 2713 fingi
661 2656 880 2701 solebant.

1364 2703 1367 2706 Α
1390 2708 1452 2761 P.
1469 2721 1566 2763 126.
