<?xml version="1.0" encoding="UTF-8"?>
<!DOCTYPE html PUBLIC "-//W3C//DTD XHTML 1.0 Transitional//EN"
    "http://www.w3.org/TR/xhtml1/DTD/xhtml1-transitional.dtd">
<html xmlns="http://www.w3.org/1999/xhtml" xml:lang="en" lang="en">
 <head>
  <title>
</title>
<meta http-equiv="Content-Type" content="text/html;charset=utf-8" />
  <meta name='ocr-system' content='tesseract 3.04.00' />
  <meta name='ocr-capabilities' content='ocr_page ocr_carea ocr_par ocr_line ocrx_word'/>
</head>
<body>
  <div class='ocr_page' id='page_1' title='image "antiquitashomeri00terpuoft_0294.png"; bbox 0 0 1780 3120; ppageno 0'>
   <div class='ocr_carea' id='block_1_1' title="bbox 187 121 1232 186">
    <p class='ocr_par' dir='ltr' id='par_1_1' title="bbox 187 121 1232 186">
     <span class='ocr_line' id='line_1_1' title="bbox 187 121 1232 186; baseline -0.001 -9"><span class='ocrx_word' id='word_1_1' title='bbox 187 121 291 177; x_wconf 67' lang='lat'>25³0</span> <span class='ocrx_word' id='word_1_2' title='bbox 553 123 1232 186; x_wconf 75' lang='lat' dir='ltr'>ANTthJ-ITAS</span> 
     </span>
    </p>
   </div>
   <div class='ocr_carea' id='block_1_2' title="bbox 160 255 1608 1818">
    <p class='ocr_par' dir='ltr' id='par_1_2' title="bbox 160 255 1608 1818">
     <span class='ocr_line' id='line_1_2' title="bbox 183 255 1608 325; baseline 0.005 -21"><span class='ocrx_word' id='word_1_3' title='bbox 183 266 235 305; x_wconf 88' lang='lat' dir='ltr'>et</span> <span class='ocrx_word' id='word_1_4' title='bbox 279 255 342 304; x_wconf 85' lang='lat' dir='ltr'>ab</span> <span class='ocrx_word' id='word_1_5' title='bbox 381 255 647 305; x_wconf 80' lang='lat' dir='ltr'><strong>Homericis</strong></span> <span class='ocrx_word' id='word_1_6' title='bbox 681 275 779 305; x_wconf 88' lang='lat' dir='ltr'>non</span> <span class='ocrx_word' id='word_1_7' title='bbox 818 257 974 306; x_wconf 88' lang='lat' dir='ltr'>minus</span> <span class='ocrx_word' id='word_1_8' title='bbox 1004 275 1144 325; x_wconf 88' lang='lat' dir='ltr'>quam</span> <span class='ocrx_word' id='word_1_9' title='bbox 1188 258 1250 307; x_wconf 83' lang='lat' dir='ltr'>ab</span> <span class='ocrx_word' id='word_1_10' title='bbox 1284 258 1484 308; x_wconf 85' lang='lat' dir='ltr'>heroum</span> <span class='ocrx_word' id='word_1_11' title='bbox 1511 262 1608 312; x_wconf 78' lang='lat' dir='ltr'>vita</span> 
     </span>
     <span class='ocr_line' id='line_1_3' title="bbox 181 322 1606 388; baseline 0.005 -18"><span class='ocrx_word' id='word_1_12' title='bbox 181 322 416 378; x_wconf 83' lang='lat' dir='ltr'>alienum,</span> <span class='ocrx_word' id='word_1_13' title='bbox 452 323 578 388; x_wconf 88' lang='lat' dir='ltr'>quod</span> <span class='ocrx_word' id='word_1_14' title='bbox 608 324 767 370; x_wconf 83' lang='lat' dir='ltr'>Musae</span> <span class='ocrx_word' id='word_1_15' title='bbox 794 325 1042 372; x_wconf 82' lang='lat' dir='ltr'>accinunt:</span> <span class='ocrx_word' id='word_1_16' title='bbox 1078 343 1189 372; x_wconf 88' lang='lat' dir='ltr'>nam</span> <span class='ocrx_word' id='word_1_17' title='bbox 1209 326 1260 371; x_wconf 89' lang='lat' dir='ltr'>in</span> <span class='ocrx_word' id='word_1_18' title='bbox 1285 326 1481 374; x_wconf 87' lang='lat' dir='ltr'>heroum</span> <span class='ocrx_word' id='word_1_19' title='bbox 1508 331 1606 377; x_wconf 83' lang='lat' dir='ltr'>vita</span> 
     </span>
     <span class='ocr_line' id='line_1_4' title="bbox 179 388 1606 448; baseline 0.005 -13"><span class='ocrx_word' id='word_1_20' title='bbox 179 388 303 435; x_wconf 88' lang='lat' dir='ltr'>solus</span> <span class='ocrx_word' id='word_1_21' title='bbox 333 391 449 442; x_wconf 61' lang='grc' dir='ltr'><em>ἀοιδός</em></span> <span class='ocrx_word' id='word_1_22' title='bbox 493 388 777 448; x_wconf 70' lang='lat' dir='ltr'>adhibetur,</span> <span class='ocrx_word' id='word_1_23' title='bbox 824 408 914 437; x_wconf 89' lang='lat' dir='ltr'>nec</span> <span class='ocrx_word' id='word_1_24' title='bbox 956 390 1128 437; x_wconf 78' lang='lat' dir='ltr'><strong>adsunt</strong></span> <span class='ocrx_word' id='word_1_25' title='bbox 1170 391 1374 439; x_wconf 86' lang='lat' dir='ltr'>feminae</span> <span class='ocrx_word' id='word_1_26' title='bbox 1415 403 1606 442; x_wconf 81' lang='lat' dir='ltr'>cantan-</span> 
     </span>
     <span class='ocr_line' id='line_1_5' title="bbox 179 455 1550 521; baseline 0.004 -20"><span class='ocrx_word' id='word_1_27' title='bbox 179 463 276 502; x_wconf 75' lang='lat' dir='ltr'>tes:</span> <span class='ocrx_word' id='word_1_28' title='bbox 312 471 486 502; x_wconf 81' lang='lat' dir='ltr'>novum</span> <span class='ocrx_word' id='word_1_29' title='bbox 521 471 728 519; x_wconf 84' lang='lat' dir='ltr'>quoque,</span> <span class='ocrx_word' id='word_1_30' title='bbox 765 455 893 521; x_wconf 81' lang='lat' dir='ltr'>quod</span> <span class='ocrx_word' id='word_1_31' title='bbox 919 457 1109 503; x_wconf 79' lang='lat' dir='ltr'>alternis</span> <span class='ocrx_word' id='word_1_32' title='bbox 1135 467 1309 504; x_wconf 84' lang='lat' dir='ltr'>canunt</span> <span class='ocrx_word' id='word_1_33' title='bbox 1331 459 1488 506; x_wconf 82' lang='lat' dir='ltr'>Musae</span> <span class='ocrx_word' id='word_1_34' title='bbox 1513 471 1550 510; x_wconf 86' lang='lat'>1.</span> 
     </span>
     <span class='ocr_line' id='line_1_6' title="bbox 242 520 1607 584; baseline 0.005 -18"><span class='ocrx_word' id='word_1_35' title='bbox 242 521 284 584; x_wconf 67' lang='grc' dir='ltr'>ξ.</span> <span class='ocrx_word' id='word_1_36' title='bbox 320 521 369 580; x_wconf 91' lang='lat'>4.</span> <span class='ocrx_word' id='word_1_37' title='bbox 437 521 594 570; x_wconf 79' lang='lat' dir='ltr'>Variis</span> <span class='ocrx_word' id='word_1_38' title='bbox 623 521 682 566; x_wconf 86' lang='lat' dir='ltr'>de</span> <span class='ocrx_word' id='word_1_39' title='bbox 706 520 845 567; x_wconf 88' lang='lat' dir='ltr'>rebus</span> <span class='ocrx_word' id='word_1_40' title='bbox 878 520 1110 568; x_wconf 77' lang='lat' dir='ltr'>canebant</span> <span class='ocrx_word' id='word_1_41' title='bbox 1133 523 1251 569; x_wconf 67' lang='grc' dir='ltr'><em>αἐιδεί</em></span> <span class='ocrx_word' id='word_1_42' title='bbox 1267 532 1321 569; x_wconf 90' lang='lat' dir='ltr'>ut</span> <span class='ocrx_word' id='word_1_43' title='bbox 1348 522 1519 572; x_wconf 85' lang='lat' dir='ltr'>divinis</span> <span class='ocrx_word' id='word_1_44' title='bbox 1541 526 1607 573; x_wconf 83' lang='lat' dir='ltr'>ita</span> 
     </span>
     <span class='ocr_line' id='line_1_7' title="bbox 176 583 1608 638; baseline 0.005 -6"><span class='ocrx_word' id='word_1_45' title='bbox 176 583 416 633; x_wconf 78' lang='lat' dir='ltr'>humanis.</span> <span class='ocrx_word' id='word_1_46' title='bbox 497 587 697 634; x_wconf 87' lang='lat' dir='ltr'>Hermes</span> <span class='ocrx_word' id='word_1_47' title='bbox 732 588 854 634; x_wconf 88' lang='lat' dir='ltr'>Deos</span> <span class='ocrx_word' id='word_1_48' title='bbox 882 586 1165 634; x_wconf 85' lang='lat' dir='ltr'>immortales</span> <span class='ocrx_word' id='word_1_49' title='bbox 1205 597 1253 634; x_wconf 88' lang='lat' dir='ltr'>et</span> <span class='ocrx_word' id='word_1_50' title='bbox 1288 597 1462 637; x_wconf 86' lang='lat' dir='ltr'>terram</span> <span class='ocrx_word' id='word_1_51' title='bbox 1497 609 1608 638; x_wconf 77' lang='lat' dir='ltr'>can·</span> 
     </span>
     <span class='ocr_line' id='line_1_8' title="bbox 175 651 1608 720; baseline 0.001 -22"><span class='ocrx_word' id='word_1_52' title='bbox 175 659 231 699; x_wconf 83' lang='lat' dir='ltr'>tu</span> <span class='ocrx_word' id='word_1_53' title='bbox 279 651 482 700; x_wconf 79' lang='lat' dir='ltr'>celebrat</span> <span class='ocrx_word' id='word_1_54' title='bbox 518 670 571 699; x_wconf 91' lang='lat' dir='ltr'>ac</span> <span class='ocrx_word' id='word_1_55' title='bbox 607 653 803 699; x_wconf 86' lang='lat' dir='ltr'>modum</span> <span class='ocrx_word' id='word_1_56' title='bbox 841 656 1034 719; x_wconf 81' lang='lat' dir='ltr'>exponit</span> <span class='ocrx_word' id='word_1_57' title='bbox 1065 671 1156 720; x_wconf 90' lang='lat' dir='ltr'>quo</span> <span class='ocrx_word' id='word_1_58' title='bbox 1194 654 1373 718; x_wconf 84' lang='lat' dir='ltr'>singula</span> <span class='ocrx_word' id='word_1_59' title='bbox 1411 656 1462 702; x_wconf 90' lang='lat' dir='ltr'>in</span> <span class='ocrx_word' id='word_1_60' title='bbox 1502 658 1608 703; x_wconf 70' lang='lat' dir='ltr'>uni-</span> 
     </span>
     <span class='ocr_line' id='line_1_9' title="bbox 175 718 1608 786; baseline 0.003 -22"><span class='ocrx_word' id='word_1_61' title='bbox 175 734 310 765; x_wconf 88' lang='lat' dir='ltr'>verso</span> <span class='ocrx_word' id='word_1_62' title='bbox 339 727 448 765; x_wconf 87' lang='lat' dir='ltr'>nata</span> <span class='ocrx_word' id='word_1_63' title='bbox 471 718 566 765; x_wconf 85' lang='lat' dir='ltr'>sint</span> <span class='ocrx_word' id='word_1_64' title='bbox 593 728 640 765; x_wconf 89' lang='lat' dir='ltr'>et</span> <span class='ocrx_word' id='word_1_65' title='bbox 666 718 887 783; x_wconf 83' lang='lat' dir='ltr'>disposita</span> <span class='ocrx_word' id='word_1_66' title='bbox 906 730 945 766; x_wconf 87' lang='lat'>2.</span> <span class='ocrx_word' id='word_1_67' title='bbox 1014 719 1311 767; x_wconf 87' lang='lat' dir='ltr'>Demodocus</span> <span class='ocrx_word' id='word_1_68' title='bbox 1341 719 1402 766; x_wconf 86' lang='lat' dir='ltr'>de</span> <span class='ocrx_word' id='word_1_69' title='bbox 1427 721 1608 786; x_wconf 88' lang='lat' dir='ltr'>Aphro-</span> 
     </span>
     <span class='ocr_line' id='line_1_10' title="bbox 176 781 1603 848; baseline 0.003 -18"><span class='ocrx_word' id='word_1_70' title='bbox 176 782 298 831; x_wconf 87' lang='lat' dir='ltr'>dites</span> <span class='ocrx_word' id='word_1_71' title='bbox 323 801 432 830; x_wconf 88' lang='lat' dir='ltr'>cum</span> <span class='ocrx_word' id='word_1_72' title='bbox 459 784 568 831; x_wconf 87' lang='lat' dir='ltr'>belli</span> <span class='ocrx_word' id='word_1_73' title='bbox 596 786 699 832; x_wconf 86' lang='lat' dir='ltr'>Deo</span> <span class='ocrx_word' id='word_1_74' title='bbox 724 781 974 848; x_wconf 78' lang='lat' dir='ltr'>congressu</span> <span class='ocrx_word' id='word_1_75' title='bbox 997 785 1168 831; x_wconf 86' lang='lat' dir='ltr'>furtivo</span> <span class='ocrx_word' id='word_1_76' title='bbox 1197 786 1322 833; x_wconf 80' lang='lat' dir='ltr'>canit</span> <span class='ocrx_word' id='word_1_77' title='bbox 1342 785 1382 833; x_wconf 75' lang='grc'>5.</span> <span class='ocrx_word' id='word_1_78' title='bbox 1445 788 1504 834; x_wconf 91' lang='lat' dir='ltr'>In</span> <span class='ocrx_word' id='word_1_79' title='bbox 1532 805 1603 834; x_wconf 87' lang='lat' dir='ltr'>sa-</span> 
     </span>
     <span class='ocr_line' id='line_1_11' title="bbox 176 850 1602 913; baseline 0.001 -16"><span class='ocrx_word' id='word_1_80' title='bbox 176 850 270 897; x_wconf 88' lang='lat' dir='ltr'>cris</span> <span class='ocrx_word' id='word_1_81' title='bbox 302 851 597 913; x_wconf 84' lang='lat' dir='ltr'>potissimum</span> <span class='ocrx_word' id='word_1_82' title='bbox 632 850 978 897; x_wconf 86' lang='lat' dir='ltr'>solennioribus</span> <span class='ocrx_word' id='word_1_83' title='bbox 1027 851 1237 897; x_wconf 84' lang='lat' dir='ltr'>Deorum</span> <span class='ocrx_word' id='word_1_84' title='bbox 1271 850 1432 898; x_wconf 86' lang='lat' dir='ltr'>laudes</span> <span class='ocrx_word' id='word_1_85' title='bbox 1462 862 1602 900; x_wconf 84' lang='lat' dir='ltr'>cantu</span> 
     </span>
     <span class='ocr_line' id='line_1_12' title="bbox 172 915 1600 983; baseline 0.003 -21"><span class='ocrx_word' id='word_1_86' title='bbox 172 915 462 962; x_wconf 79' lang='lat' dir='ltr'>extollebant</span> <span class='ocrx_word' id='word_1_87' title='bbox 481 953 492 973; x_wconf 93' lang='lat'>,</span> <span class='ocrx_word' id='word_1_88' title='bbox 526 916 924 981; x_wconf 81' lang='lat' dir='ltr'>quemadmodum</span> <span class='ocrx_word' id='word_1_89' title='bbox 947 934 1005 963; x_wconf 76' lang='lat' dir='ltr'>ex</span> <span class='ocrx_word' id='word_1_90' title='bbox 1033 916 1210 980; x_wconf 81' lang='lat' dir='ltr'>hymno</span> <span class='ocrx_word' id='word_1_91' title='bbox 1240 916 1290 963; x_wconf 88' lang='lat' dir='ltr'>in</span> <span class='ocrx_word' id='word_1_92' title='bbox 1330 916 1600 983; x_wconf 84' lang='lat' dir='ltr'>Apollinem</span> 
     </span>
     <span class='ocr_line' id='line_1_13' title="bbox 173 980 1362 1048; baseline 0 -20"><span class='ocrx_word' id='word_1_93' title='bbox 173 990 400 1048; x_wconf 81' lang='lat' dir='ltr'>apparet,</span> <span class='ocrx_word' id='word_1_94' title='bbox 435 999 526 1046; x_wconf 87' lang='lat' dir='ltr'>quo</span> <span class='ocrx_word' id='word_1_95' title='bbox 554 981 735 1045; x_wconf 83' lang='lat' dir='ltr'>puellae</span> <span class='ocrx_word' id='word_1_96' title='bbox 761 980 983 1028; x_wconf 80' lang='lat' dir='ltr'>Deliades</span> <span class='ocrx_word' id='word_1_97' title='bbox 1006 991 1328 1028; x_wconf 83' lang='lat' dir='ltr'>memorantur</span> <span class='ocrx_word' id='word_1_98' title='bbox 1348 1021 1362 1041; x_wconf 88' lang='lat'>,</span> 
     </span>
     <span class='ocr_line' id='line_1_14' title="bbox 294 1045 1364 1110; baseline 0 -15"><span class='ocrx_word' id='word_1_99' title='bbox 294 1051 366 1096; x_wconf 77' lang='lat' dir='ltr'>‘&#39;Az</span> <span class='ocrx_word' id='word_1_100' title='bbox 391 1045 425 1094; x_wconf 69' lang='lat' dir='ltr'>‘c’</span> <span class='ocrx_word' id='word_1_101' title='bbox 449 1053 528 1093; x_wconf 82' lang='grc' dir='ltr'>έπεί</span> <span class='ocrx_word' id='word_1_102' title='bbox 557 1048 610 1110; x_wconf 73' lang='grc' dir='ltr'>ἄρ</span> <span class='ocrx_word' id='word_1_103' title='bbox 645 1058 788 1110; x_wconf 69' lang='grc' dir='ltr'>πρῶτον</span> <span class='ocrx_word' id='word_1_104' title='bbox 819 1051 888 1108; x_wconf 76' lang='grc' dir='ltr'>μὲν</span> <span class='ocrx_word' id='word_1_105' title='bbox 916 1045 1118 1093; x_wconf 70' lang='grc' dir='ltr'>Ἀπόλλων’</span> <span class='ocrx_word' id='word_1_106' title='bbox 1150 1053 1364 1108; x_wconf 70' lang='grc' dir='ltr'><em>ὑμνήσωσιν</em></span> 
     </span>
     <span class='ocr_line' id='line_1_15' title="bbox 310 1110 1322 1177; baseline 0 -17"><span class='ocrx_word' id='word_1_107' title='bbox 310 1113 423 1167; x_wconf 66' lang='grc' dir='ltr'><em>Α’ἶτις</em></span> <span class='ocrx_word' id='word_1_108' title='bbox 450 1112 489 1161; x_wconf 67' lang='grc' dir='ltr'>δ’</span> <span class='ocrx_word' id='word_1_109' title='bbox 518 1110 566 1160; x_wconf 59' lang='grc' dir='ltr'>αὖ</span> <span class='ocrx_word' id='word_1_110' title='bbox 595 1116 716 1165; x_wconf 81' lang='grc' dir='ltr'><strong>Λητώ</strong></span> <span class='ocrx_word' id='word_1_111' title='bbox 747 1133 787 1160; x_wconf 85' lang='grc' dir='ltr'>τε</span> <span class='ocrx_word' id='word_1_112' title='bbox 811 1110 1086 1177; x_wconf 74' lang='grc' dir='ltr'><em>καί”Αρτεμιν</em></span> <span class='ocrx_word' id='word_1_113' title='bbox 1111 1118 1322 1177; x_wconf 71' lang='grc' dir='ltr'><em>ἰοχέαιραν·</em></span> 
     </span>
     <span class='ocr_line' id='line_1_16' title="bbox 308 1180 1319 1243; baseline 0 -18"><span class='ocrx_word' id='word_1_114' title='bbox 308 1183 565 1240; x_wconf 62' lang='grc' dir='ltr'><em>Μνησάμευαι</em></span> <span class='ocrx_word' id='word_1_115' title='bbox 591 1181 736 1243; x_wconf 62' lang='grc' dir='ltr'><em>ἀνδρῶν</em></span> <span class='ocrx_word' id='word_1_116' title='bbox 762 1199 802 1226; x_wconf 83' lang='grc' dir='ltr'>τε</span> <span class='ocrx_word' id='word_1_117' title='bbox 824 1182 994 1225; x_wconf 72' lang='grc' dir='ltr'><em>παλαιῶν</em></span> <span class='ocrx_word' id='word_1_118' title='bbox 1021 1180 1087 1231; x_wconf 60' lang='grc' dir='ltr'>ηθὲ</span> <span class='ocrx_word' id='word_1_119' title='bbox 1108 1194 1319 1241; x_wconf 68' lang='grc' dir='ltr'><em>γυνκικῶν,</em></span> 
     </span>
     <span class='ocr_line' id='line_1_17' title="bbox 292 1242 1345 1309; baseline -0.002 -17"><span class='ocrx_word' id='word_1_120' title='bbox 292 1246 440 1307; x_wconf 55' lang='lat' dir='ltr'>“Two-J</span> <span class='ocrx_word' id='word_1_121' title='bbox 467 1247 668 1302; x_wconf 60' lang='lat' dir='ltr'>&amp;5532qu</span> <span class='ocrx_word' id='word_1_122' title='bbox 703 1248 870 1308; x_wconf 65' lang='grc' dir='ltr'>θέλγενσι</span> <span class='ocrx_word' id='word_1_123' title='bbox 905 1248 945 1292; x_wconf 69' lang='grc' dir='ltr'>δὲ</span> <span class='ocrx_word' id='word_1_124' title='bbox 971 1242 1052 1309; x_wconf 71' lang='grc' dir='ltr'>φῦλ’</span> <span class='ocrx_word' id='word_1_125' title='bbox 1081 1249 1286 1308; x_wconf 68' lang='grc' dir='ltr'>ἀνθρώπων</span> <span class='ocrx_word' id='word_1_126' title='bbox 1307 1244 1345 1290; x_wconf 80' lang='lat'>4.</span> 
     </span>
     <span class='ocr_line' id='line_1_18' title="bbox 167 1309 1598 1376; baseline -0.001 -17"><span class='ocrx_word' id='word_1_127' title='bbox 167 1313 272 1373; x_wconf 85' lang='lat' dir='ltr'>Quo</span> <span class='ocrx_word' id='word_1_128' title='bbox 310 1312 552 1375; x_wconf 81' lang='lat' dir='ltr'>pertinent</span> <span class='ocrx_word' id='word_1_129' title='bbox 593 1311 644 1357; x_wconf 84' lang='lat' dir='ltr'>in</span> <span class='ocrx_word' id='word_1_130' title='bbox 680 1311 845 1375; x_wconf 87' lang='lat' dir='ltr'>primis</span> <span class='ocrx_word' id='word_1_131' title='bbox 875 1311 1005 1370; x_wconf 72' lang='grc' dir='ltr'><em>ὕμνει,</em></span> <span class='ocrx_word' id='word_1_132' title='bbox 1055 1310 1136 1374; x_wconf 90' lang='lat' dir='ltr'>qui</span> <span class='ocrx_word' id='word_1_133' title='bbox 1179 1310 1341 1374; x_wconf 82' lang='lat' dir='ltr'>vulgo,</span> <span class='ocrx_word' id='word_1_134' title='bbox 1389 1309 1598 1376; x_wconf 77' lang='lat' dir='ltr'>quamvis</span> 
     </span>
     <span class='ocr_line' id='line_1_19' title="bbox 164 1375 1597 1444; baseline -0.002 -19"><span class='ocrx_word' id='word_1_135' title='bbox 164 1379 323 1444; x_wconf 85' lang='lat' dir='ltr'>plures</span> <span class='ocrx_word' id='word_1_136' title='bbox 353 1380 455 1441; x_wconf 78' lang='lat' dir='ltr'>jure</span> <span class='ocrx_word' id='word_1_137' title='bbox 495 1378 546 1424; x_wconf 88' lang='lat' dir='ltr'>in</span> <span class='ocrx_word' id='word_1_138' title='bbox 591 1375 792 1423; x_wconf 81' lang='lat' dir='ltr'>dubium</span> <span class='ocrx_word' id='word_1_139' title='bbox 836 1385 1035 1434; x_wconf 82' lang='lat' dir='ltr'>vocent,</span> <span class='ocrx_word' id='word_1_140' title='bbox 1071 1376 1269 1422; x_wconf 83' lang='lat' dir='ltr'>Homeri</span> <span class='ocrx_word' id='word_1_141' title='bbox 1312 1377 1503 1422; x_wconf 89' lang='lat' dir='ltr'>nomine</span> <span class='ocrx_word' id='word_1_142' title='bbox 1530 1377 1597 1423; x_wconf 82' lang='lat' dir='ltr'>fe-</span> 
     </span>
     <span class='ocr_line' id='line_1_20' title="bbox 163 1442 1598 1509; baseline -0.003 -17"><span class='ocrx_word' id='word_1_143' title='bbox 163 1454 350 1492; x_wconf 84' lang='lat' dir='ltr'>runtur.</span> <span class='ocrx_word' id='word_1_144' title='bbox 414 1442 644 1509; x_wconf 80' lang='lat' dir='ltr'>Ejusdem</span> <span class='ocrx_word' id='word_1_145' title='bbox 669 1443 849 1506; x_wconf 78' lang='lat' dir='ltr'>generis</span> <span class='ocrx_word' id='word_1_146' title='bbox 874 1450 1037 1489; x_wconf 85' lang='lat' dir='ltr'>cantus</span> <span class='ocrx_word' id='word_1_147' title='bbox 1052 1442 1144 1497; x_wconf 56' lang='lat' dir='ltr'>‚fuit</span> <span class='ocrx_word' id='word_1_148' title='bbox 1164 1480 1177 1499; x_wconf 89' lang='lat'>,</span> <span class='ocrx_word' id='word_1_149' title='bbox 1213 1459 1354 1508; x_wconf 87' lang='lat' dir='ltr'>quem</span> <span class='ocrx_word' id='word_1_150' title='bbox 1373 1452 1424 1489; x_wconf 91' lang='lat' dir='ltr'>ut</span> <span class='ocrx_word' id='word_1_151' title='bbox 1453 1443 1598 1507; x_wconf 89' lang='lat' dir='ltr'>pestis</span> 
     </span>
     <span class='ocr_line' id='line_1_21' title="bbox 165 1506 1598 1565; baseline -0.003 -7"><span class='ocrx_word' id='word_1_152' title='bbox 165 1510 268 1558; x_wconf 89' lang='lat' dir='ltr'>lues</span> <span class='ocrx_word' id='word_1_153' title='bbox 301 1518 592 1558; x_wconf 87' lang='lat' dir='ltr'>coerceretur</span> <span class='ocrx_word' id='word_1_154' title='bbox 632 1509 858 1554; x_wconf 81' lang='lat' dir='ltr'>excitasse</span> <span class='ocrx_word' id='word_1_155' title='bbox 891 1506 1115 1554; x_wconf 87' lang='lat' dir='ltr'>dicuntur</span> <span class='ocrx_word' id='word_1_156' title='bbox 1147 1508 1346 1565; x_wconf 87' lang='lat' dir='ltr'>Achivi,</span> <span class='ocrx_word' id='word_1_157' title='bbox 1381 1512 1492 1554; x_wconf 70' lang='grc' dir='ltr'>καλὲν</span> <span class='ocrx_word' id='word_1_158' title='bbox 1514 1515 1598 1555; x_wconf 75' lang='grc' dir='ltr'><em>ἀεί-</em></span> 
     </span>
     <span class='ocr_line' id='line_1_22' title="bbox 166 1573 1598 1639; baseline -0.004 -14"><span class='ocrx_word' id='word_1_159' title='bbox 166 1581 289 1631; x_wconf 69' lang='grc' dir='ltr'><em>δοντες</em></span> <span class='ocrx_word' id='word_1_160' title='bbox 322 1584 507 1632; x_wconf 66' lang='grc' dir='ltr'>παιήονα,</span> <span class='ocrx_word' id='word_1_161' title='bbox 557 1579 755 1635; x_wconf 70' lang='grc' dir='ltr'>μέλπεντες</span> <span class='ocrx_word' id='word_1_162' title='bbox 792 1576 997 1636; x_wconf 61' lang='grc' dir='ltr'>Ἑκάεργον</span> <span class='ocrx_word' id='word_1_163' title='bbox 1020 1574 1070 1620; x_wconf 87' lang='lat'>5:</span> <span class='ocrx_word' id='word_1_164' title='bbox 1120 1573 1249 1639; x_wconf 78' lang='lat' dir='ltr'>quod</span> <span class='ocrx_word' id='word_1_165' title='bbox 1292 1573 1463 1638; x_wconf 79' lang='lat' dir='ltr'>hymni</span> <span class='ocrx_word' id='word_1_166' title='bbox 1510 1591 1598 1619; x_wconf 72' lang='lat' dir='ltr'>no·</span> 
     </span>
     <span class='ocr_line' id='line_1_23' title="bbox 165 1637 1595 1706; baseline -0.002 -17"><span class='ocrx_word' id='word_1_167' title='bbox 165 1660 277 1690; x_wconf 85' lang='lat' dir='ltr'>men</span> <span class='ocrx_word' id='word_1_168' title='bbox 306 1642 521 1706; x_wconf 68' lang='grc' dir='ltr'>(παιήενα)</span> <span class='ocrx_word' id='word_1_169' title='bbox 556 1656 638 1686; x_wconf 89' lang='lat' dir='ltr'>seu</span> <span class='ocrx_word' id='word_1_170' title='bbox 665 1639 933 1703; x_wconf 81' lang='lat' dir='ltr'>genericum</span> <span class='ocrx_word' id='word_1_171' title='bbox 965 1655 1047 1684; x_wconf 91' lang='lat' dir='ltr'>seu</span> <span class='ocrx_word' id='word_1_172' title='bbox 1078 1637 1187 1685; x_wconf 89' lang='lat' dir='ltr'>laeti</span> <span class='ocrx_word' id='word_1_173' title='bbox 1212 1638 1377 1685; x_wconf 80' lang='lat' dir='ltr'>saltem</span> <span class='ocrx_word' id='word_1_174' title='bbox 1401 1649 1595 1686; x_wconf 86' lang='lat' dir='ltr'>eventus</span> 
     </span>
     <span class='ocr_line' id='line_1_24' title="bbox 160 1704 1595 1770; baseline -0.005 -13"><span class='ocrx_word' id='word_1_175' title='bbox 160 1710 303 1757; x_wconf 85' lang='lat' dir='ltr'>fuisse</span> <span class='ocrx_word' id='word_1_176' title='bbox 344 1708 528 1757; x_wconf 84' lang='lat' dir='ltr'>videtur</span> <span class='ocrx_word' id='word_1_177' title='bbox 572 1706 757 1770; x_wconf 76' lang='lat' dir='ltr'>Heynio</span> <span class='ocrx_word' id='word_1_178' title='bbox 781 1706 827 1751; x_wconf 81' lang='lat'>6:</span> <span class='ocrx_word' id='word_1_179' title='bbox 874 1721 987 1751; x_wconf 87' lang='lat' dir='ltr'>nam</span> <span class='ocrx_word' id='word_1_180' title='bbox 1020 1704 1224 1751; x_wconf 87' lang='lat' dir='ltr'>Hectore</span> <span class='ocrx_word' id='word_1_181' title='bbox 1263 1721 1395 1751; x_wconf 84' lang='lat' dir='ltr'>caeso</span> <span class='ocrx_word' id='word_1_182' title='bbox 1420 1704 1595 1751; x_wconf 85' lang='lat' dir='ltr'>iterum</span> 
     </span>
     <span class='ocr_line' id='line_1_25' title="bbox 1525 1788 1594 1818; baseline 0 0"><span class='ocrx_word' id='word_1_183' title='bbox 1525 1788 1594 1818; x_wconf 74' lang='lat' dir='ltr'>vi-</span> 
     </span>
    </p>
   </div>
   <div class='ocr_carea' id='block_1_3' title="bbox 154 1872 1593 2700">
    <p class='ocr_par' dir='ltr' id='par_1_3' title="bbox 154 1872 1593 2700">
     <span class='ocr_line' id='line_1_26' title="bbox 213 1872 1589 1927; baseline -0.006 -11"><span class='ocrx_word' id='word_1_184' title='bbox 213 1883 252 1927; x_wconf 83' lang='lat'>1)</span> <span class='ocrx_word' id='word_1_185' title='bbox 282 1881 338 1919; x_wconf 77' lang='lat' dir='ltr'>Cf.</span> <span class='ocrx_word' id='word_1_186' title='bbox 368 1880 432 1917; x_wconf 87' lang='lat' dir='ltr'>Od.</span> <span class='ocrx_word' id='word_1_187' title='bbox 455 1878 589 1924; x_wconf 80' lang='lat' dir='ltr'>XXIV,</span> <span class='ocrx_word' id='word_1_188' title='bbox 615 1881 656 1915; x_wconf 84' lang='lat'>60</span> <span class='ocrx_word' id='word_1_189' title='bbox 676 1888 750 1923; x_wconf 83' lang='lat' dir='ltr'>seq.</span> <span class='ocrx_word' id='word_1_190' title='bbox 877 1876 916 1921; x_wconf 82' lang='lat'>2)</span> <span class='ocrx_word' id='word_1_191' title='bbox 943 1875 1025 1910; x_wconf 80' lang='lat' dir='ltr'>Vid.</span> <span class='ocrx_word' id='word_1_192' title='bbox 1059 1872 1188 1921; x_wconf 81' lang='lat' dir='ltr'>Hymn.</span> <span class='ocrx_word' id='word_1_193' title='bbox 1219 1876 1256 1910; x_wconf 88' lang='lat' dir='ltr'>in</span> <span class='ocrx_word' id='word_1_194' title='bbox 1289 1876 1412 1910; x_wconf 85' lang='lat' dir='ltr'>Herm.</span> <span class='ocrx_word' id='word_1_195' title='bbox 1446 1889 1496 1913; x_wconf 76' lang='lat' dir='ltr'>vs,</span> <span class='ocrx_word' id='word_1_196' title='bbox 1518 1877 1589 1912; x_wconf 84' lang='lat'>426</span> 
     </span>
     <span class='ocr_line' id='line_1_27' title="bbox 160 1930 1592 1983; baseline -0.003 -11"><span class='ocrx_word' id='word_1_197' title='bbox 160 1949 258 1983; x_wconf 77' lang='lat' dir='ltr'>seqq.</span> <span class='ocrx_word' id='word_1_198' title='bbox 376 1936 416 1981; x_wconf 81' lang='lat'>5)</span> <span class='ocrx_word' id='word_1_199' title='bbox 442 1935 524 1972; x_wconf 81' lang='lat' dir='ltr'>Vid.</span> <span class='ocrx_word' id='word_1_200' title='bbox 556 1935 624 1971; x_wconf 82' lang='lat' dir='ltr'>Od.</span> <span class='ocrx_word' id='word_1_201' title='bbox 652 1932 764 1977; x_wconf 74' lang='lat' dir='ltr'>vm,</span> <span class='ocrx_word' id='word_1_202' title='bbox 789 1934 998 1977; x_wconf 75' lang='lat'><strong>266-267.</strong></span> <span class='ocrx_word' id='word_1_203' title='bbox 1047 1931 1103 1966; x_wconf 83' lang='lat' dir='ltr'>Cf.</span> <span class='ocrx_word' id='word_1_204' title='bbox 1133 1944 1195 1966; x_wconf 88' lang='lat' dir='ltr'>nos</span> <span class='ocrx_word' id='word_1_205' title='bbox 1226 1932 1266 1968; x_wconf 89' lang='lat' dir='ltr'>L.</span> <span class='ocrx_word' id='word_1_206' title='bbox 1284 1930 1331 1966; x_wconf 85' lang='lat'>11.</span> <span class='ocrx_word' id='word_1_207' title='bbox 1367 1944 1398 1966; x_wconf 85' lang='lat' dir='ltr'>c·</span> <span class='ocrx_word' id='word_1_208' title='bbox 1423 1933 1479 1968; x_wconf 83' lang='lat'>16.</span> <span class='ocrx_word' id='word_1_209' title='bbox 1503 1934 1534 1978; x_wconf 58' lang='grc' dir='ltr'>ς.</span> <span class='ocrx_word' id='word_1_210' title='bbox 1555 1933 1592 1968; x_wconf 81' lang='grc'>5.</span> 
     </span>
     <span class='ocr_line' id='line_1_28' title="bbox 162 1986 1593 2037; baseline -0.006 -8"><span class='ocrx_word' id='word_1_211' title='bbox 162 1993 291 2029; x_wconf 82' lang='lat' dir='ltr'>Totum</span> <span class='ocrx_word' id='word_1_212' title='bbox 313 1990 436 2037; x_wconf 79' lang='lat' dir='ltr'>Odyss.</span> <span class='ocrx_word' id='word_1_213' title='bbox 464 1990 579 2025; x_wconf 87' lang='lat' dir='ltr'>locum</span> <span class='ocrx_word' id='word_1_214' title='bbox 599 1988 694 2025; x_wconf 86' lang='lat' dir='ltr'>laud.</span> <span class='ocrx_word' id='word_1_215' title='bbox 717 1987 979 2033; x_wconf 84' lang='lat' dir='ltr'>interpolatoris</span> <span class='ocrx_word' id='word_1_216' title='bbox 997 2014 1008 2030; x_wconf 91' lang='lat'>‚</span> <span class='ocrx_word' id='word_1_217' title='bbox 1035 1986 1182 2021; x_wconf 82' lang='lat' dir='ltr'>Homeri</span> <span class='ocrx_word' id='word_1_218' title='bbox 1204 1995 1319 2022; x_wconf 87' lang='lat' dir='ltr'>aetate</span> <span class='ocrx_word' id='word_1_219' title='bbox 1348 1986 1446 2031; x_wconf 82' lang='lat' dir='ltr'>longe</span> <span class='ocrx_word' id='word_1_220' title='bbox 1467 1998 1593 2020; x_wconf 88' lang='lat' dir='ltr'>recen-</span> 
     </span>
     <span class='ocr_line' id='line_1_29' title="bbox 158 2040 1592 2092; baseline -0.006 -9"><span class='ocrx_word' id='word_1_221' title='bbox 158 2048 284 2087; x_wconf 79' lang='lat' dir='ltr'>tioris,</span> <span class='ocrx_word' id='word_1_222' title='bbox 308 2047 508 2092; x_wconf 81' lang='lat' dir='ltr'>figmentum</span> <span class='ocrx_word' id='word_1_223' title='bbox 531 2057 624 2091; x_wconf 88' lang='lat' dir='ltr'>esse,</span> <span class='ocrx_word' id='word_1_224' title='bbox 647 2042 900 2079; x_wconf 85' lang='lat' dir='ltr'>contenderunt</span> <span class='ocrx_word' id='word_1_225' title='bbox 920 2040 1084 2087; x_wconf 84' lang='lat' dir='ltr'>plurimi,</span> <span class='ocrx_word' id='word_1_226' title='bbox 1110 2042 1146 2075; x_wconf 88' lang='lat' dir='ltr'>in</span> <span class='ocrx_word' id='word_1_227' title='bbox 1166 2042 1222 2077; x_wconf 86' lang='lat' dir='ltr'>his</span> <span class='ocrx_word' id='word_1_228' title='bbox 1246 2042 1316 2078; x_wconf 82' lang='lat' dir='ltr'>W.</span> <span class='ocrx_word' id='word_1_229' title='bbox 1336 2041 1465 2076; x_wconf 82' lang='lat' dir='ltr'>Miiller</span> <span class='ocrx_word' id='word_1_230' title='bbox 1480 2069 1491 2087; x_wconf 90' lang='lat'>,</span> <span class='ocrx_word' id='word_1_231' title='bbox 1514 2041 1592 2075; x_wconf 84' lang='lat' dir='ltr'>Ho-</span> 
     </span>
     <span class='ocr_line' id='line_1_30' title="bbox 160 2095 1592 2146; baseline -0.005 -9"><span class='ocrx_word' id='word_1_232' title='bbox 160 2101 333 2138; x_wconf 87' lang='lat' dir='ltr'>merische</span> <span class='ocrx_word' id='word_1_233' title='bbox 367 2099 560 2134; x_wconf 83' lang='lat' dir='ltr'>Vorschule</span> <span class='ocrx_word' id='word_1_234' title='bbox 594 2112 628 2146; x_wconf 80' lang='lat' dir='ltr'>p.</span> <span class='ocrx_word' id='word_1_235' title='bbox 660 2101 737 2135; x_wconf 80' lang='lat'>131.</span> <span class='ocrx_word' id='word_1_236' title='bbox 772 2097 818 2135; x_wconf 87' lang='lat' dir='ltr'>D.</span> <span class='ocrx_word' id='word_1_237' title='bbox 851 2098 890 2133; x_wconf 94' lang='lat' dir='ltr'>C.</span> <span class='ocrx_word' id='word_1_238' title='bbox 917 2097 984 2134; x_wconf 85' lang='lat' dir='ltr'>W.</span> <span class='ocrx_word' id='word_1_239' title='bbox 1005 2095 1433 2141; x_wconf 82' lang='lat' dir='ltr'>Baumgarten-Crusius</span> <span class='ocrx_word' id='word_1_240' title='bbox 1464 2095 1500 2129; x_wconf 89' lang='lat' dir='ltr'>in</span> <span class='ocrx_word' id='word_1_241' title='bbox 1528 2108 1592 2130; x_wconf 89' lang='lat' dir='ltr'>re-</span> 
     </span>
     <span class='ocr_line' id='line_1_31' title="bbox 158 2151 1591 2201; baseline -0.006 -9"><span class='ocrx_word' id='word_1_242' title='bbox 158 2157 317 2193; x_wconf 81' lang='lat' dir='ltr'>censione</span> <span class='ocrx_word' id='word_1_243' title='bbox 346 2155 489 2190; x_wconf 69' lang='lat' dir='ltr'>Mulieri</span> <span class='ocrx_word' id='word_1_244' title='bbox 511 2156 574 2201; x_wconf 88' lang='lat' dir='ltr'>Op.</span> <span class='ocrx_word' id='word_1_245' title='bbox 598 2155 624 2191; x_wconf 87' lang='lat' dir='ltr'>l.</span> <span class='ocrx_word' id='word_1_246' title='bbox 649 2153 739 2199; x_wconf 87' lang='lat' dir='ltr'>apud</span> <span class='ocrx_word' id='word_1_247' title='bbox 763 2153 882 2193; x_wconf 85' lang='lat' dir='ltr'>Jahn,</span> <span class='ocrx_word' id='word_1_248' title='bbox 904 2152 1030 2189; x_wconf 82' lang='lat' dir='ltr'>Jahrb.</span> <span class='ocrx_word' id='word_1_249' title='bbox 1056 2154 1156 2188; x_wconf 85' lang='lat' dir='ltr'>Tom.</span> <span class='ocrx_word' id='word_1_250' title='bbox 1180 2151 1247 2188; x_wconf 93' lang='lat' dir='ltr'>III.</span> <span class='ocrx_word' id='word_1_251' title='bbox 1271 2152 1311 2186; x_wconf 93' lang='lat' dir='ltr'>P.</span> <span class='ocrx_word' id='word_1_252' title='bbox 1334 2166 1366 2187; x_wconf 85' lang='lat'>2.</span> <span class='ocrx_word' id='word_1_253' title='bbox 1389 2164 1424 2196; x_wconf 90' lang='lat' dir='ltr'>p.</span> <span class='ocrx_word' id='word_1_254' title='bbox 1447 2152 1492 2187; x_wconf 87' lang='lat'>28</span> <span class='ocrx_word' id='word_1_255' title='bbox 1515 2163 1591 2197; x_wconf 77' lang='lat' dir='ltr'>seq.</span> 
     </span>
     <span class='ocr_line' id='line_1_32' title="bbox 158 2205 1584 2255; baseline -0.005 -9"><span class='ocrx_word' id='word_1_256' title='bbox 158 2222 196 2249; x_wconf 74' lang='lat' dir='ltr'>et</span> <span class='ocrx_word' id='word_1_257' title='bbox 218 2211 412 2255; x_wconf 85' lang='lat' dir='ltr'>Thiersch,</span> <span class='ocrx_word' id='word_1_258' title='bbox 437 2210 615 2255; x_wconf 83' lang='lat' dir='ltr'>Urgestalt</span> <span class='ocrx_word' id='word_1_259' title='bbox 635 2210 696 2244; x_wconf 88' lang='lat' dir='ltr'>der</span> <span class='ocrx_word' id='word_1_260' title='bbox 721 2208 873 2254; x_wconf 68' lang='lat' dir='ltr'>Odyssea</span> <span class='ocrx_word' id='word_1_261' title='bbox 899 2221 933 2254; x_wconf 86' lang='lat' dir='ltr'>p.</span> <span class='ocrx_word' id='word_1_262' title='bbox 950 2211 994 2243; x_wconf 74' lang='lat'>53</span> <span class='ocrx_word' id='word_1_263' title='bbox 1006 2221 1076 2254; x_wconf 85' lang='lat' dir='ltr'>seq.</span> <span class='ocrx_word' id='word_1_264' title='bbox 1104 2207 1169 2254; x_wconf 90' lang='lat' dir='ltr'>(de</span> <span class='ocrx_word' id='word_1_265' title='bbox 1189 2219 1254 2253; x_wconf 93' lang='lat' dir='ltr'>quo</span> <span class='ocrx_word' id='word_1_266' title='bbox 1279 2206 1359 2242; x_wconf 85' lang='lat' dir='ltr'>libr.</span> <span class='ocrx_word' id='word_1_267' title='bbox 1381 2205 1453 2239; x_wconf 87' lang='lat' dir='ltr'>vid.</span> <span class='ocrx_word' id='word_1_268' title='bbox 1477 2205 1584 2242; x_wconf 86' lang='lat' dir='ltr'>Jahn.</span> 
     </span>
     <span class='ocr_line' id='line_1_33' title="bbox 159 2260 1589 2310; baseline -0.007 -6"><span class='ocrx_word' id='word_1_269' title='bbox 159 2269 284 2304; x_wconf 83' lang='lat' dir='ltr'>Jahrb.</span> <span class='ocrx_word' id='word_1_270' title='bbox 311 2268 407 2301; x_wconf 82' lang='lat' dir='ltr'>Tom.</span> <span class='ocrx_word' id='word_1_271' title='bbox 432 2265 500 2301; x_wconf 87' lang='lat'><em>111.</em></span> <span class='ocrx_word' id='word_1_272' title='bbox 524 2265 562 2301; x_wconf 87' lang='lat' dir='ltr'>P.</span> <span class='ocrx_word' id='word_1_273' title='bbox 587 2279 620 2301; x_wconf 85' lang='lat'>2.</span> <span class='ocrx_word' id='word_1_274' title='bbox 644 2278 678 2310; x_wconf 89' lang='lat' dir='ltr'>p.</span> <span class='ocrx_word' id='word_1_275' title='bbox 696 2279 740 2301; x_wconf 84' lang='lat'>20</span> <span class='ocrx_word' id='word_1_276' title='bbox 759 2263 879 2310; x_wconf 74' lang='lat' dir='ltr'>seqq.)</span> <span class='ocrx_word' id='word_1_277' title='bbox 907 2272 942 2298; x_wconf 84' lang='lat' dir='ltr'>et</span> <span class='ocrx_word' id='word_1_278' title='bbox 963 2264 1082 2308; x_wconf 85' lang='lat' dir='ltr'>Ejusd.</span> <span class='ocrx_word' id='word_1_279' title='bbox 1107 2264 1235 2308; x_wconf 88' lang='lat' dir='ltr'>disput.</span> <span class='ocrx_word' id='word_1_280' title='bbox 1255 2261 1295 2296; x_wconf 88' lang='lat' dir='ltr'>de</span> <span class='ocrx_word' id='word_1_281' title='bbox 1320 2261 1454 2295; x_wconf 84' lang='lat' dir='ltr'>diversa</span> <span class='ocrx_word' id='word_1_282' title='bbox 1476 2260 1522 2297; x_wconf 91' lang='lat' dir='ltr'>Il.</span> <span class='ocrx_word' id='word_1_283' title='bbox 1553 2268 1589 2295; x_wconf 82' lang='lat' dir='ltr'>et</span> 
     </span>
     <span class='ocr_line' id='line_1_34' title="bbox 159 2315 1587 2370; baseline -0.006 -13"><span class='ocrx_word' id='word_1_284' title='bbox 159 2325 283 2370; x_wconf 72' lang='lat' dir='ltr'>Odyss.</span> <span class='ocrx_word' id='word_1_285' title='bbox 314 2329 427 2357; x_wconf 83' lang='lat' dir='ltr'>aetate</span> <span class='ocrx_word' id='word_1_286' title='bbox 463 2322 594 2355; x_wconf 84' lang='lat' dir='ltr'>inserta</span> <span class='ocrx_word' id='word_1_287' title='bbox 624 2322 688 2366; x_wconf 87' lang='lat' dir='ltr'>Op.</span> <span class='ocrx_word' id='word_1_288' title='bbox 707 2320 732 2357; x_wconf 82' lang='lat' dir='ltr'>l,</span> <span class='ocrx_word' id='word_1_289' title='bbox 769 2332 845 2367; x_wconf 79' lang='lat' dir='ltr'>pag.</span> <span class='ocrx_word' id='word_1_290' title='bbox 873 2331 950 2356; x_wconf 82' lang='lat'>101.</span> <span class='ocrx_word' id='word_1_291' title='bbox 986 2319 1074 2364; x_wconf 86' lang='lat' dir='ltr'>ibiq.</span> <span class='ocrx_word' id='word_1_292' title='bbox 1107 2326 1198 2354; x_wconf 87' lang='lat' dir='ltr'>nota.</span> <span class='ocrx_word' id='word_1_293' title='bbox 1329 2315 1368 2360; x_wconf 75' lang='lat'>4)</span> <span class='ocrx_word' id='word_1_294' title='bbox 1395 2315 1525 2360; x_wconf 78' lang='lat' dir='ltr'>IIymn.</span> <span class='ocrx_word' id='word_1_295' title='bbox 1549 2315 1587 2349; x_wconf 87' lang='lat' dir='ltr'>in</span> 
     </span>
     <span class='ocr_line' id='line_1_35' title="bbox 158 2373 1588 2427; baseline -0.006 -15"><span class='ocrx_word' id='word_1_296' title='bbox 158 2379 274 2427; x_wconf 79' lang='lat' dir='ltr'>Apoll.</span> <span class='ocrx_word' id='word_1_297' title='bbox 299 2391 349 2413; x_wconf 88' lang='lat' dir='ltr'>vs.</span> <span class='ocrx_word' id='word_1_298' title='bbox 373 2378 452 2420; x_wconf 80' lang='lat'>157.</span> <span class='ocrx_word' id='word_1_299' title='bbox 497 2376 574 2410; x_wconf 83' lang='lat' dir='ltr'>Huc</span> <span class='ocrx_word' id='word_1_300' title='bbox 596 2375 685 2409; x_wconf 87' lang='lat' dir='ltr'>forte</span> <span class='ocrx_word' id='word_1_301' title='bbox 707 2375 903 2422; x_wconf 74' lang='lat' dir='ltr'>pertinebat</span> <span class='ocrx_word' id='word_1_302' title='bbox 931 2387 1065 2420; x_wconf 83' lang='lat' dir='ltr'>qnoque</span> <span class='ocrx_word' id='word_1_303' title='bbox 1095 2373 1384 2407; x_wconf 81' lang='lat' dir='ltr'>vindemiatorum</span> <span class='ocrx_word' id='word_1_304' title='bbox 1406 2377 1526 2404; x_wconf 83' lang='lat' dir='ltr'>cantus</span> <span class='ocrx_word' id='word_1_305' title='bbox 1551 2378 1588 2404; x_wconf 86' lang='lat' dir='ltr'>et</span> 
     </span>
     <span class='ocr_line' id='line_1_36' title="bbox 159 2427 1589 2479; baseline -0.008 -7"><span class='ocrx_word' id='word_1_306' title='bbox 159 2435 321 2474; x_wconf 83' lang='lat' dir='ltr'>saltatio,</span> <span class='ocrx_word' id='word_1_307' title='bbox 357 2433 481 2479; x_wconf 81' lang='lat' dir='ltr'>quibus</span> <span class='ocrx_word' id='word_1_308' title='bbox 514 2440 554 2465; x_wconf 80' lang='lat' dir='ltr'>ut</span> <span class='ocrx_word' id='word_1_309' title='bbox 593 2431 728 2464; x_wconf 83' lang='lat' dir='ltr'>videtur</span> <span class='ocrx_word' id='word_1_310' title='bbox 760 2439 795 2466; x_wconf 83' lang='lat' dir='ltr'>et</span> <span class='ocrx_word' id='word_1_311' title='bbox 827 2442 925 2465; x_wconf 84' lang='lat' dir='ltr'>suam</span> <span class='ocrx_word' id='word_1_312' title='bbox 955 2429 1127 2463; x_wconf 73' lang='lat' dir='ltr'>laetitiam</span> <span class='ocrx_word' id='word_1_313' title='bbox 1167 2428 1354 2474; x_wconf 83' lang='lat' dir='ltr'>proderent</span> <span class='ocrx_word' id='word_1_314' title='bbox 1388 2433 1422 2459; x_wconf 86' lang='lat' dir='ltr'>et</span> <span class='ocrx_word' id='word_1_315' title='bbox 1460 2427 1589 2469; x_wconf 80' lang='lat' dir='ltr'>gratias</span> 
     </span>
     <span class='ocr_line' id='line_1_37' title="bbox 159 2480 1586 2535; baseline -0.008 -9"><span class='ocrx_word' id='word_1_316' title='bbox 159 2492 240 2528; x_wconf 87' lang='lat' dir='ltr'>Diis</span> <span class='ocrx_word' id='word_1_317' title='bbox 266 2495 428 2535; x_wconf 81' lang='lat' dir='ltr'>agerent,</span> <span class='ocrx_word' id='word_1_318' title='bbox 463 2499 483 2521; x_wconf 87' lang='lat' dir='ltr'>a</span> <span class='ocrx_word' id='word_1_319' title='bbox 509 2485 632 2532; x_wconf 74' lang='lat' dir='ltr'>quibus</span> <span class='ocrx_word' id='word_1_320' title='bbox 660 2486 788 2531; x_wconf 78' lang='lat' dir='ltr'>largam</span> <span class='ocrx_word' id='word_1_321' title='bbox 819 2485 1028 2520; x_wconf 83' lang='lat' dir='ltr'>vindemiam</span> <span class='ocrx_word' id='word_1_322' title='bbox 1053 2483 1244 2529; x_wconf 79' lang='lat' dir='ltr'>profectam</span> <span class='ocrx_word' id='word_1_323' title='bbox 1266 2494 1337 2517; x_wconf 87' lang='lat' dir='ltr'>esse</span> <span class='ocrx_word' id='word_1_324' title='bbox 1356 2481 1406 2526; x_wconf 87' lang='lat' dir='ltr'>pii</span> <span class='ocrx_word' id='word_1_325' title='bbox 1429 2480 1586 2514; x_wconf 85' lang='lat' dir='ltr'>arbitra-</span> 
     </span>
     <span class='ocr_line' id='line_1_38' title="bbox 154 2534 1583 2586; baseline -0.008 -4"><span class='ocrx_word' id='word_1_326' title='bbox 154 2548 297 2582; x_wconf 79' lang='lat' dir='ltr'>bantur.</span> <span class='ocrx_word' id='word_1_327' title='bbox 323 2543 462 2580; x_wconf 55' lang='lat' dir='ltr'>vistll.</span> <span class='ocrx_word' id='word_1_328' title='bbox 480 2541 712 2586; x_wconf 65' lang='lat' dir='ltr'>xvlll,369.</span> <span class='ocrx_word' id='word_1_329' title='bbox 760 2541 813 2577; x_wconf 87' lang='lat' dir='ltr'>Cf.</span> <span class='ocrx_word' id='word_1_330' title='bbox 833 2540 869 2576; x_wconf 89' lang='lat' dir='ltr'>h.</span> <span class='ocrx_word' id='word_1_331' title='bbox 894 2541 935 2575; x_wconf 93' lang='lat' dir='ltr'>L.</span> <span class='ocrx_word' id='word_1_332' title='bbox 960 2551 1038 2575; x_wconf 89' lang='lat' dir='ltr'>c.1.</span> <span class='ocrx_word' id='word_1_333' title='bbox 1064 2541 1096 2584; x_wconf 56' lang='grc' dir='ltr'>ς.</span> <span class='ocrx_word' id='word_1_334' title='bbox 1118 2540 1151 2573; x_wconf 80' lang='grc'>6.</span> <span class='ocrx_word' id='word_1_335' title='bbox 1178 2546 1264 2574; x_wconf 85' lang='lat' dir='ltr'>extr.</span> <span class='ocrx_word' id='word_1_336' title='bbox 1366 2536 1405 2579; x_wconf 85' lang='lat'>5)</span> <span class='ocrx_word' id='word_1_337' title='bbox 1432 2534 1512 2570; x_wconf 84' lang='lat' dir='ltr'>Vid.</span> <span class='ocrx_word' id='word_1_338' title='bbox 1537 2534 1583 2570; x_wconf 87' lang='lat' dir='ltr'>Il.</span> 
     </span>
     <span class='ocr_line' id='line_1_39' title="bbox 158 2588 1582 2649; baseline -0.012 -10"><span class='ocrx_word' id='word_1_339' title='bbox 158 2604 201 2649; x_wconf 83' lang='lat' dir='ltr'>I,</span> <span class='ocrx_word' id='word_1_340' title='bbox 223 2603 291 2648; x_wconf 80' lang='lat'>475</span> <span class='ocrx_word' id='word_1_341' title='bbox 314 2613 408 2646; x_wconf 78' lang='lat' dir='ltr'>seqq.</span> <span class='ocrx_word' id='word_1_342' title='bbox 455 2597 509 2634; x_wconf 86' lang='lat' dir='ltr'>Cf.</span> <span class='ocrx_word' id='word_1_343' title='bbox 531 2598 566 2633; x_wconf 87' lang='lat' dir='ltr'>h.</span> <span class='ocrx_word' id='word_1_344' title='bbox 586 2609 615 2633; x_wconf 91' lang='lat' dir='ltr'>c.</span> <span class='ocrx_word' id='word_1_345' title='bbox 635 2599 666 2643; x_wconf 58' lang='grc' dir='ltr'>ς.</span> <span class='ocrx_word' id='word_1_346' title='bbox 685 2609 718 2632; x_wconf 84' lang='lat'>2.</span> <span class='ocrx_word' id='word_1_347' title='bbox 824 2595 862 2638; x_wconf 79' lang='lat'>6)</span> <span class='ocrx_word' id='word_1_348' title='bbox 891 2594 1002 2636; x_wconf 85' lang='lat' dir='ltr'>Quem</span> <span class='ocrx_word' id='word_1_349' title='bbox 1024 2594 1097 2626; x_wconf 82' lang='lat' dir='ltr'>fuse</span> <span class='ocrx_word' id='word_1_350' title='bbox 1121 2592 1162 2626; x_wconf 87' lang='lat' dir='ltr'>de</span> <span class='ocrx_word' id='word_1_351' title='bbox 1185 2592 1247 2626; x_wconf 79' lang='lat' dir='ltr'>hac</span> <span class='ocrx_word' id='word_1_352' title='bbox 1271 2604 1309 2626; x_wconf 85' lang='lat' dir='ltr'>re</span> <span class='ocrx_word' id='word_1_353' title='bbox 1331 2591 1420 2635; x_wconf 86' lang='lat' dir='ltr'>disp.</span> <span class='ocrx_word' id='word_1_354' title='bbox 1447 2589 1517 2624; x_wconf 79' lang='lat' dir='ltr'>vid.</span> <span class='ocrx_word' id='word_1_355' title='bbox 1537 2588 1582 2622; x_wconf 84' lang='lat' dir='ltr'>ad</span> 
     </span>
     <span class='ocr_line' id='line_1_40' title="bbox 156 2643 1581 2700; baseline -0.012 -6"><span class='ocrx_word' id='word_1_356' title='bbox 156 2659 201 2694; x_wconf 88' lang='lat'>11.</span> <span class='ocrx_word' id='word_1_357' title='bbox 222 2657 246 2693; x_wconf 90' lang='lat' dir='ltr'>l.</span> <span class='ocrx_word' id='word_1_358' title='bbox 266 2657 289 2692; x_wconf 88' lang='lat'>1.</span> <span class='ocrx_word' id='word_1_359' title='bbox 313 2664 348 2690; x_wconf 78' lang='lat' dir='ltr'>et</span> <span class='ocrx_word' id='word_1_360' title='bbox 373 2653 491 2697; x_wconf 76' lang='lat' dir='ltr'>XXII,</span> <span class='ocrx_word' id='word_1_361' title='bbox 514 2655 592 2700; x_wconf 79' lang='lat'><strong>59¹·</strong></span> <span class='ocrx_word' id='word_1_362' title='bbox 614 2651 730 2698; x_wconf 88' lang='lat' dir='ltr'>ibique</span> <span class='ocrx_word' id='word_1_363' title='bbox 753 2650 849 2686; x_wconf 76' lang='lat' dir='ltr'>varia</span> <span class='ocrx_word' id='word_1_364' title='bbox 878 2661 964 2695; x_wconf 87' lang='lat' dir='ltr'>quae</span> <span class='ocrx_word' id='word_1_365' title='bbox 1002 2647 1131 2683; x_wconf 86' lang='lat' dir='ltr'>habent</span> <span class='ocrx_word' id='word_1_366' title='bbox 1158 2647 1274 2686; x_wconf 88' lang='lat' dir='ltr'>Schol.</span> <span class='ocrx_word' id='word_1_367' title='bbox 1322 2646 1377 2683; x_wconf 87' lang='lat' dir='ltr'>Cf.</span> <span class='ocrx_word' id='word_1_368' title='bbox 1402 2645 1511 2691; x_wconf 78' lang='lat' dir='ltr'>K‘dpp.</span> <span class='ocrx_word' id='word_1_369' title='bbox 1537 2643 1581 2678; x_wconf 82' lang='lat' dir='ltr'>ad</span> 
     </span>
    </p>
   </div>
   <div class='ocr_carea' id='block_1_4' title="bbox 153 2712 363 2760">
    <p class='ocr_par' dir='ltr' id='par_1_4' title="bbox 153 2712 363 2760">
     <span class='ocr_line' id='line_1_41' title="bbox 153 2712 363 2760; baseline -0.024 -8"><span class='ocrx_word' id='word_1_370' title='bbox 153 2714 198 2752; x_wconf 64' lang='grc' dir='ltr'>ιι</span> <span class='ocrx_word' id='word_1_371' title='bbox 218 2713 259 2760; x_wconf 82' lang='grc' dir='ltr'>ι,</span> <span class='ocrx_word' id='word_1_372' title='bbox 281 2712 363 2757; x_wconf 76' lang='lat'><strong>475.</strong></span> 
     </span>
    </p>
   </div>
  </div>
 </body>
</html>
